01363cx  a2200325   4500
001 136
003 http://catalogue.bnf.fr/ark:/12148/cb11938837z
005 20240519072745.0
033    $a http://catalogue.bnf.fr/ark:/12148/cb11938837z
035    $a FRBNF119388379
039    $o OPL $a 001614040
100    $a 19810522afrey50      ba0
106    $a 201
152    $b GENRE/FORM $c 2
159    $a rameau
180    $a a
280  0 $7 ba0yba0y $8 fre    $9     $a Catalogues d'exposition
330    $a S'emploie également en subdivision
480  0 $7 ba0yba0y $8 fre    $9     $a Expositions $x Catalogues
480  0 $7 ba0yba0y $8 fre    $9     $a Livrets d'exposition
550    $5 z $0 Voir aussi $3 15916158 $7 ba0yba0y $8 fre    $9     $a Expositions
550    $5 z $0 Voir aussi $3 12151166 $7 ba0yba0y $8 fre    $9     $a Publications des musées
550    $5 g $3 11971177 $7 ba0yba0y $8 fre    $9     $a Expositions $x Appareils et matériel
580  0 $5 g $3 11975940 $7 ba0yba0y $8 fre    $9     $a Catalogues
686    $a 000 $c Généralités $2 Note de regroupement par domaine
801    $a FR $b FR-751131015 $c 20200213
810    $a Grand Robert de la langue française, 2001 (art. : Exposition) : catalogue de l'exposition
822 12 $a Catalogues d'exposition $2 RVMLaval $d 2014-10-08
822 1  $a Exhibitions $2 LCSH $u http://id.loc.gov/authorities/subjects/sh2003003655 $d 2017-02-09
999    $a FRBNF119388379 $b 11938837

