01071cx  a2200313   4500
001 259
003 http://catalogue.bnf.fr/ark:/12148/cb140487112
005 20240513030720.0
010    $a 0000000063086826 $2 VIAF $d 20130801
033    $a http://catalogue.bnf.fr/ark:/12148/cb140487112
035    $a FRBNF140487111
039    $o OPP $a 14681378 $d 20070611
100    $a 20020206afrey50      ba0
102    $a GB
103    $a  19131028  19960603 
105    $a a
106    $a 1  
120    $a b
152    $c 2 $b NP
200    $7 ba0yba0y $8 fre    $9  0  $a Glenville $b Peter $f 1913-1996
300 0  $a Cinéaste
530    $5 z $0 Réalisateur de :  $3 17910078 $a Becket (film)
530    $5 z $0 Réalisateur de :  $3 16460506 $a Hotel Paradiso (film)
530    $5 z $0 Réalisateur de :  $3 16459874 $a The Comedians (film)
530    $5 z $0 Réalisateur de :  $3 16458571 $a Summer and smoke (film)
530    $5 z $0 Réalisateur de :  $3 16458506 $a Me and my colonel (film)
801    $a FR $b FR-751131015 $c 20070611
810    $a IMDB (http://us.imdb.com/), 2002-02-06
999    $a FRBNF140487111 $b 14048711

