01181cx  a2200313   4500
001 384
003 http://catalogue.bnf.fr/ark:/12148/cb139321475
005 20240518072658.0
010    $a 0000000101636957 $2 ISNI $d 20150313
033    $a http://catalogue.bnf.fr/ark:/12148/cb139321475
035    $a FRBNF139321473
100    $a 19901213afrey50      ba0
102    $a FR
103    $a  1949               
105    $a i
106    $a 1  
120    $a b
200    $7 ba0yba0y $8 fre    $9  0  $a Marc $b Sylvin $f 1949-....
300 0  $a Guitariste de jazz funk et chanteur
400    $7 ba0yba0y $8 fre    $9     $a Marc $b Sylvain $f 1949-....
510    $5 xxxk $0 Membre de :  $3 18093354 $7 ba0yba0y $8 fre    $9 20  $a Hamsa $c Groupe de jazz-rock $c Groupe de jazz-rock
510    $5 xxxk $0 Membre de :  $3 13963444 $7 ba0yba0y $8 fre    $9 20  $a Amazonas
801    $a FR $b FR-751131015 $c 20170103
810    $a 5/5 [Enregistrement sonore] / Sylvin Marc, guit b. JMS 18668-2
810    $a Afrisson - www.afrisson.com/Sylvin-Marc-401.html (2016-12-27)
856    $u http://www.sylvinmarc.com/ $e 2008-10-17
856    $u www.afrisson.com/Sylvin-Marc-401.html $e 2016-12-27
999    $a FRBNF139321473 $b 13932147
152    $b NP

