01889cx  a2200373   4500
001 519
003 http://catalogue.bnf.fr/ark:/12148/cb13318792n
005 20240511073803.0
033    $a http://catalogue.bnf.fr/ark:/12148/cb13318792n
035    $a FRBNF133187925
039    $o OPL $a 001847183
100    $a 19830620afrey50      ba0
106    $a 211
152    $b SNC $c 2
159    $a rameau
250    $7 ba0yba0y $8 fre    $9     $a Presse audiovisuelle
450    $7 ba0yba0y $8 fre    $9     $a Émissions audiovisuelles d'information
450    $7 ba0yba0y $8 fre    $9     $a Information audiovisuelle
450    $7 ba0yba0y $8 fre    $9     $a Information radiotélévisée
450    $7 ba0yba0y $8 fre    $9     $a Informations audiovisuelles
450    $7 ba0yba0y $8 fre    $9     $a Presse audio-visuelle
550    $5 z $0 Voir aussi $3 11978744 $7 ba0yba0y $8 fre    $9     $a Journalisme cinématographique
550    $5 z $0 Voir aussi $3 16950588 $7 ba0yba0y $8 fre    $9     $a Journalisme de télévision
550    $5 z $0 Voir aussi $3 16950490 $7 ba0yba0y $8 fre    $9     $a Journalisme radiophonique
550    $5 g $3 12219062 $7 ba0yba0y $8 fre    $9     $a Médias audiovisuels
550    $5 g $3 13318369 $7 ba0yba0y $8 fre    $9     $a Presse
686    $a 020 $c Sciences de l'information $2 Note de regroupement par domaine
686    $a 791 $c Audiovisuel $2 Note de regroupement par domaine
801    $a FR $b FR-751131015 $c 20180328
810    $a Grand Larousse universel (art. : Audiovisuel) $a Trésor de la langue française (art. : Presse) : presse audio-visuelle
810    $a La presse audiovisuelle : 1989-1990 / C. Mauriat, 1989 $a Le droit de la presse : presse écrite, presse audiovisuelle, presse électronique / S. Hoebeke, B. Mouffe, 2005
822 14 $a Broadcast journalism $2 LCSH $u http://id.loc.gov/authorities/subjects/sh85017001 $d 2018-03-28
822 12 $a Presse audiovisuelle $2 RVMLaval $d 2018-03-28
999    $a FRBNF133187925 $b 13318792

