01519cx  a2200373   4500
001 636
003 http://catalogue.bnf.fr/ark:/12148/cb11909772t
005 20240519061926.0
010    $a 0000000121446296 $2 ISNI $d 20131217
033    $a http://catalogue.bnf.fr/ark:/12148/cb11909772t
035    $a FRBNF119097726
039    $o OPL $a 000951720 $z APP
039    $o OPL $a 003499512 $z AMA
039    $o OPP $a 16792012 $d 20160219
100    $a 19760721afrey50      ba0
101    $a eng
102    $a US
103    $a  19470921           
105    $a a $a i $a p
106    $a 010
120    $a b
152    $c 2 $b NP
200    $7 ba0yba0y $8 fre    $9  0  $a King $b Stephen $f 1947-....
300    $a Romancier. - A également utilisé les pseudonymes Richard Bachman et Beryl Evans
400    $7 ba0yba0y $8 fre    $9     $a King $b Stiven $f 1947-....
500    $5 e $0 Voir le pseudonyme $3 12056521 $7 ba0yba0y $8 fre    $9  0  $a Bachman $b Richard $f 1947-....
500    $5 e $0 Voir le pseudonyme $3 17702135 $7 ba0yba0y $8 fre    $9  0  $a Evans $b Beryl $f 1947-....
530    $5 z $0 Réalisateur de :  $3 14293496 $a Maximum overdrive (film)
686    $a 800 $c Histoire et critique littéraires $2 Note de regroupement par domaine
801    $a FR $b FR-751131015 $c 20220103
810    $a L'année du loup-garou / par Stephen King ; ill. par Berni Wrightson ; trad. de l'américain par François Lasquin, 1996
810    $a LC authorities - http://authorities.loc.gov (2017-12-15)
856    $u http://authorities.loc.gov $e 2017-12-15
999    $a FRBNF119097726 $b 11909772

