01014cx  a2200277   4500
001 787
003 http://catalogue.bnf.fr/ark:/12148/cb12369027d
005 20240506070043.0
010    $a 0000000066465661 $2 VIAF $d 20130726
033    $a http://catalogue.bnf.fr/ark:/12148/cb12369027d
035    $a FRBNF12369027X
039    $o OPL $a 009802681
100    $a 19940214afrey50      ba0
101    $a fre
102    $a FR
103    $a  19570724           
105    $a a
106    $a 1  
120    $a a
200    $7 ba0yba0y $8 fre    $9  0  $a Donnet-Guez $b Brigitte $f 1957-....
300 0  $a Professeur d'hébreu. - Docteur en langue, littérature et civilisation orientales. - Diplômée du Ministère israélien de l'éducation (en 1993)
400    $7 ba0yba0y $8 fre    $9     $a Guez $b Brigitte Donnet- $f 1957-....
801    $a FR $b FR-751131015 $c 20120110
810    $a Grammaire de l'hébreu / B. Donnet-Guez, 1993 $a Le roi David et ses femmes / Brigitte Donnet-Guez, impr. 2011
999    $a FRBNF12369027X $b 12369027
152    $b NP

