01472cx  a2200349   4500
001 912
003 http://catalogue.bnf.fr/ark:/12148/cb11922694k
005 20240518063516.0
010    $a 0000000114710976 $2 VIAF $d 20130724
033    $a http://catalogue.bnf.fr/ark:/12148/cb11922694k
035    $a FRBNF119226943
039    $o OPL $a 001304305
039    $o OPP $a 14072647 $d 20130226
039    $o OPP $a 16819793 $d 20160112
039    $o OPP $a 11436701 $d 20170314
039    $o OPP $a 16800589 $d 20170314
039    $o OPP $a 16819792 $d 20170314
100    $a 19751124afrey50      ba0
101    $a fre
102    $a BE
103    $a  19271117  20130223 
105    $a a
106    $a 1  
120    $a b
152    $c 2 $b NP
200    $7 ba0yba0y $8 fre    $9  0  $a Rosy $b Maurice $f 1927-2013
300 0  $a Dessinateur de presse, illustrateur de livres pour les jeunes et pour la publicité. - Dessinateur et scénariste de bandes dessinées. - Directeur artistique des Éd. Dupuis (en 1956). - Pianiste
400    $7 ba0yba0y $8 fre    $9     $a Rosy $f 1927-2013
801    $a FR $b FR-751131015 $c 20170314
810    $a Attila / Derib ; scénario, Rosy, 1986- $a La Vieille dame et le fantôme / une histoire écrite par Évelyne Reberg ; ill. par Maurice Rosy, 1990
810    $a Libération, 2013-02-26 $a Guide des illustrateurs du livre de jeunesse français / D. Dupont-Escarpit, C. Lapointe, 1988 $a Dictionnaire de la bande dessinée / Henri Filippini, 1989
999    $a FRBNF119226943 $b 11922694

