01157cx  a2200289   4500
001 1042
003 http://catalogue.bnf.fr/ark:/12148/cb119815991
005 20240518065232.0
033    $a http://catalogue.bnf.fr/ark:/12148/cb119815991
035    $a FRBNF119815991
039    $o OPL $a 002196430
100    $a 19850707afrey50      ba0
106    $a 211
152    $b GENRE/FORM $c 2
159    $a rameau
180    $a b
280  0 $7 ba0yba0y $8 fre    $9     $a Chansons portugaises
550    $5 z $0 Voir aussi $3 11937983 $7 ba0yba0y $8 fre    $9     $a Portugais $x langue
580  0 $5 z $0 Voir aussi $3 14630241 $7 ba0yba0y $8 fre    $9     $a Mélodies portugaises
580  0 $5 z $0 Voir aussi $3 11979789 $7 ba0yba0y $8 fre    $9     $a Poésie portugaise
580  0 $5 h $3 12034950 $7 ba0yba0y $8 fre    $9     $a Chansons traditionnelles portugaises
580  0 $5 h $3 11963474 $7 ba0yba0y $8 fre    $9     $a Fados
580  0 $5 h $3 12234858 $7 ba0yba0y $8 fre    $9     $a Modinhas
686    $a 780 $c Musique $2 Note de regroupement par domaine
801    $a FR $b FR-751131015 $c 20110922
822 1  $a Songs, Portuguese $2 LCSH $u http://id.loc.gov/authorities/subjects/sh85125105 $d 2017-02-09
999    $a FRBNF119815991 $b 11981599

