00893nx  a2200241   4500
001 1196
003 http://catalogue.bnf.fr/ark:/12148/cb121066806
005 20240511055639.0
010    $a 0000000004469923 $2 VIAF $d 20130725
033    $a http://catalogue.bnf.fr/ark:/12148/cb121066806
035    $a FRBNF121066809
039    $o OPL $a 004470296
100    $a 19890314afrey50      ba0
101    $a fre
102    $a FR
105    $a a
106    $a 1  
200    $7 ba0yba0y $8 fre    $9  0  $a Le Hanvic $b Jocelyne
300 0  $a Adjointe au chef du service iconographique de la Documentation française (en1986)
801    $a FR $b FR-751131015 $c 19890314
810    $a La Photographie, mémoire et avenir de votre commune / Ministère de l'intérieur, direction générale des collectivités locales ; service iconographique de la Documentation française, 1987
999    $a FRBNF121066809 $b 12106680
152    $b NP

