00870cx  a2200265   4500
001 1325
003 http://catalogue.bnf.fr/ark:/12148/cb14508222c
005 20240511073658.0
010    $a 0000000050614298 $2 VIAF $d 20130801
033    $a http://catalogue.bnf.fr/ark:/12148/cb14508222c
035    $a FRBNF145082227
100    $a 20031121afrey50      ba0
101    $a fre $t eng
102    $a FR
103    $a  19..      ....     
105    $a a
106    $a 1  
120    $a b
200    $7 ba0yba0y $8 fre    $9  0  $a Bouchony $b Étienne de
300 0  $a Traducteur d'ouvrages pour la jeunesse
400    $7 ba0yba0y $8 fre    $9     $a De Bouchony $b Étienne
801    $a FR $b FR-751131015 $c 20031121
810    $a Guéris vite, petit dinosaure ! / Jane Yolen ; ill. par Mark Teague ; [trad. de l'anglais par Étienne de Bouchony], 2003
999    $a FRBNF145082227 $b 14508222
152    $b NP

