01492cx  a2200325   4500
001 1443
003 http://catalogue.bnf.fr/ark:/12148/cb12093318x
005 20240518035834.0
010    $a 0000000073587472 $2 VIAF $d 20130724
033    $a http://catalogue.bnf.fr/ark:/12148/cb12093318x
035    $a FRBNF120933182
039    $o OPL $a 004216771
039    $o OPP $a 14657518 $d 20150211
100    $a 19881206afrey50      ba0
101    $a fre $t eng
102    $a FR
103    $a  1958               
105    $a a
106    $a 1  
120    $a b
200    $7 ba0yba0y $8 fre    $9  0  $a Loubat-Delranc $b Philippe $f 1958-....
400    $7 ba0yba0y $8 fre    $9     $a Delranc $b Philippe Loubat- $f 1958-....
400    $7 ba0yba0y $8 fre    $9     $a Delranc $b Philippe $f 1958-....
700    $7 ba0yba0y $8 fre||| $9  0  $a Loubat $b Philippe $f 1958-....
801    $a FR $b FR-751131015 $c 20150211
810    $a Les Belles apparences : roman / Susan Howatch ; trad. par Philippe Loubat-Delranc, 1988 $a Amy pour les amis / Rosie Thomas ; trad. par Philippe Delranc, 1991 $a Walt Disney / Marc Eliot ; trad. par Philippe Loubat-Delranc, Yves Sarda et Jean-Luc Piningre, 1993 $a Fever / Sean Rowe ; traduit de l'américain par Philippe Loubat, impr. 2010
810    $a Theatre-contemporain.net - http://www.theatre-contemporain.net/biographies/LOUBAT-DELRANC-Philippe (2015-02-11)
856    $u http://www.theatre-contemporain.net/biographies/LOUBAT-DELRANC-Philippe/ $e 2015-02-11
999    $a FRBNF120933182 $b 12093318
152    $b NP

