01397cx  a2200337   4500
001 1568
003 http://catalogue.bnf.fr/ark:/12148/cb119138945
005 20240516062412.0
010    $a 0000000099299460 $2 VIAF $d 20131024
033    $a http://catalogue.bnf.fr/ark:/12148/cb119138945
035    $a FRBNF119138945
039    $o OPL $a 001064066
039    $o OPP $a 15474668 $d 20170927
039    $o OPP $a 16816716 $d 20190403
100    $a 19750117afrey50      ba0
101    $a fre $t eng
102    $a FR
103    $a  19070831  19850912 
105    $a a
106    $a 010
120    $a b
200    $7 ba0yba0y $8 fre    $9  0  $a Magnane $b Georges $f 1907-1985
300    $a Pseudonyme de René Catinaud. - Romancier et scénariste
301    $a Neuvic-Entier (Haute-Vienne) $b Neuilly-sur-Seine (Hauts-de-Seine)
686    $a 800 $c Histoire et critique littéraires $2 Note de regroupement par domaine
801    $a FR $b FR-751131015 $c 20190403
810    $a Les chers collègues : roman / Georges Magnane, 1963 $a Roi, dame, valet / Vladimir Nabokov ; traduit de l'anglais par Georges Magnane, 1975
810    $a Les gens du cinéma / André Siscot, 1998 $a Georges Magnane : la plume et le sport / sous la direction de Thomas Bauer ; avant-propos de Bernard-Henri Lévy,DL 2015
810    $a BN Cat. gén. 1960-1969 : Magnane (Georges), pseud. de René Catinaud
999    $a FRBNF119138945 $b 11913894
152    $b NP

