00929cx  a2200265   4500
001 1708
003 http://catalogue.bnf.fr/ark:/12148/cb11889395v
005 20240518024303.0
010    $a 000000011598192X $2 VIAF $d 20130724
033    $a http://catalogue.bnf.fr/ark:/12148/cb11889395v
035    $a FRBNF118893955
039    $o OPL $a 000414859
100    $a 19800826afrey50      ba0
101    $a fre $t eng
102    $a FR
103    $a  19..               
105    $a a
106    $a 1  
120    $a a
200    $7 ba0yba0y $8 fre    $9  0  $a Aubert $b Marie-Caroline
300 0  $a Éditrice pour la "Série noire", Gallimard (en 2018). - Traductrice. - Critique littéraire
801    $a FR $b FR-751131015 $c 20190312
810    $a La Demoiselle / Richard Stark ; trad. de l'américain par Marie-Caroline Aubert, 1988 $a Le polar pour les nuls / Marie-Caroline Aubert, Natalie Beunat, 2018
999    $a FRBNF118893955 $b 11889395
152    $b NP

