00985cx  a2200265   4500
001 1837
003 http://catalogue.bnf.fr/ark:/12148/cb122998857
005 20240519020120.0
033    $a http://catalogue.bnf.fr/ark:/12148/cb122998857
035    $a FRBNF122998855
039    $o OPL $a 008809057
100    $a 19930311afrey50      ba0
106    $a 211
152    $b GENRE/FORM $c 2
159    $a rameau
180    $a b
280  0 $7 ba0yba0y $8 fre    $9     $a Clarinette, Musique de (jazz)
330    $a Sous cette vedette, on trouve les compositions de jazz pour clarinette solo
480  0 $7 ba0yba0y $8 fre    $9     $a Jazz (clarinette)
580  0 $5 g $3 11938040 $7 ba0yba0y $8 fre    $9     $a Jazz
686    $a 780 $c Musique $2 Note de regroupement par domaine
801    $a FR $b FR-751131015 $c 20110502
822 12 $a Clarinette, Musique de (jazz) $2 RVMLaval $d 2011-05-02
822 1  $a Clarinet music (Jazz) $2 LCSH $u http://id.loc.gov/authorities/subjects/sh90003849 $d 2017-02-09
999    $a FRBNF122998855 $b 12299885

