01208cx  a2200301   4500
001 1968
003 http://catalogue.bnf.fr/ark:/12148/cb11923963c
005 20240519063132.0
010    $a 0000000081080778 $2 VIAF $d 20130724
033    $a http://catalogue.bnf.fr/ark:/12148/cb11923963c
035    $a FRBNF119239638
039    $o OPL $a 001339039
100    $a 19750715afrey50      ba0
101    $a fre $t ita
102    $a FR
103    $a  1944               
105    $a a
106    $a 1  
120    $a b
200    $7 ba0yba0y $8 fre    $9  0  $a Schifano $b Jean-Noël $f 1944-....
300 0  $a Romancier, traducteur, directeur de collection chez Gallimard. - Directeur de l'Institut français de Naples (1992-1998)
801    $a FR $b FR-751131015 $c 20130514
810    $a Le monde sauvé par les gamins / Elsa Morante ; trad. de l'italien par Jean-Noël Schifano, 1991 $a Naples / avec Jean-Noël Schifano, 1987
810    $a Escale du livre Bordeaux 2011 - http://www.escaledulivre.com/wp/jean-noel-schifano/356 (2011-03-30)
815    $a WW, France 1987-1988. - WW, France 2002-2003
856    $u http://www.escaledulivre.com/wp/jean-noel-schifano/356 $e 2011-03-30
999    $a FRBNF119239638 $b 11923963
152    $b NP

