01891cx  a2200385   4500
001 2101
003 http://catalogue.bnf.fr/ark:/12148/cb12052077j
005 20240508075109.0
010    $a 0000000121400941 $2 VIAF $d 20130724
033    $a http://catalogue.bnf.fr/ark:/12148/cb12052077j
035    $a FRBNF120520778
039    $o OPL $a 003580829 $z APP
039    $o OPL $a 014289102 $z AMA
100    $a 19840420afrey50      ba0
101    $a hun
102    $a HU
103    $a  18870127  19431130 
105    $a a
106    $a 1  
120    $a b
152    $c 2 $b NP
200    $7 ba0yba0y $8 fre    $9  0  $a Harsányi $b Zsolt $f 1887-1943
300 0  $a Romancier. - Journaliste. - Traducteur. - A écrit plusieurs textes d'opérettes et des sketches
301    $a Korompa (aujourd'hui krompachy, Slovaquie) $b Budapest (Hongrie)
400    $7 ba0yba0y $8 fre    $9     $a Harsányi $b Zsolt von $f 1887-1943
400    $7 ba0yba0y $8 fre    $9     $a Harsányi $b Zsolt de $f 1887-1943
400    $7 ba0yba0y $8 fre    $9     $a Harsàni $b Zsolt von $f 1887-1943
540    $3 13914729 $a Kodály $b Zoltán $f 1882-1967 $t [Háry János. Op. 15]
686    $a 800 $c Histoire et critique littéraires $2 Note de regroupement par domaine
801    $a FR $b FR-751131015 $c 20150413
810    $a Et pourtant, elle tourne : la vie de Galilée/ Zsolt Harsányi ; adapt. [du hongrois] de M. Muller-Strauss, 1947 $a Tziganes / par Marcel Diamant-Berger ; [avant-propos de Zsolt de Harsanyi], 1938 $a Galileo Galilei / di Zsolt von Harsàni ; versione italiana ... di Anita Rho, 2a ed., 1953
810    $a Van Tieghem $a Biogr. Hongrie vol.3, 2002 $a Trentes années de littérature hongroise en traductions françaises / Sophie Aude, 2010
810    $a BN Cat. gén. suppl. [confondu avec Zoltán Harsány] $a BnF Service finno-ougrien, balte 2015-04-13
815    $a GDEL. - BN Cat. gén.. - BN Cat. gén. 1960-1969
999    $a FRBNF120520778 $b 12052077

