01164cx  a2200325   4500
001 2248
003 http://catalogue.bnf.fr/ark:/12148/cb13896833f
005 20240508061310.0
010    $a 000000011022564X $2 VIAF $d 20130731
033    $a http://catalogue.bnf.fr/ark:/12148/cb13896833f
035    $a FRBNF138968333
039    $o OPL $a 015179541
039    $o OPP $a 13573759 $d 20060601
039    $o OPP $a 14828456 $d 20060601
039    $o OPP $a 13803118 $d 20060601
100    $a 19890601afrey50      ba0
102    $a XX
103    $a  165409  ? 17400209 
105    $a a
106    $a 010
120    $a b
152    $c 2 $b NP
200    $7 ba0yba0y $8 fre    $9  0  $a Lübeck $b Vincent $f 1654-1740
300    $a Compositeur et organiste. - Organiste à St Cosmae et Damiani de Stade (1674-1702) puis à la Nicolaikirche de Hambourg (1702-1740)
301    $a Padingbüttel (Allemagne) $b Hambourg (Allemagne)
801    $a FR $b FR-751131015 $c 20060601
810    $a Vincent Lübeck : Leben und Werk / Wolfram Syré, 2000
810    $a Grove music online - http://www.grovemusic.com (2006-06-01)
856    $u http://www.grovemusic.com $e 2006-06-01
999    $a FRBNF138968333 $b 13896833

