01001cx  a2200277   4500
001 2382
003 http://catalogue.bnf.fr/ark:/12148/cb14045346w
005 20240514024757.0
010    $a 0000000003336264 $2 VIAF $d 20130801
033    $a http://catalogue.bnf.fr/ark:/12148/cb14045346w
035    $a FRBNF140453461
100    $a 20011015afrey50      ba0
102    $a FR
103    $a  19531118           
105    $a a $a i $a p
106    $a 1  
120    $a b
200    $7 ba0yba0y $8 fre    $9  0  $a Gallotte $b Jean-François $f 1953-....
300 0  $a Acteur et cinéaste
400    $7 ba0yba0y $8 fre    $9     $a Galotte $b Jean-François $f 1953-....
801    $a FR $b FR-751131015 $c 20160118
810    $a Le théâtre [Images animées] / Jean-François Gallotte, réal. Centre national de documentation pédagogique, 1996
810    $a IMDb - http://www.imdb.com (2016-01-18) $a Les gens du cinéma / André Siscot, 1998
856    $u http://www.imdb.com $e 2016-01-18
999    $a FRBNF140453461 $b 14045346
152    $b NP

