00904cx  a2200265   4500
001 2512
003 http://catalogue.bnf.fr/ark:/12148/cb138988348
005 20240518074758.0
010    $a 0000000073594197 $2 VIAF $d 20130731
033    $a http://catalogue.bnf.fr/ark:/12148/cb138988348
035    $a FRBNF13898834X
100    $a 19890601afrey50      ba0
102    $a FR
103    $a  19330119  20031214 
105    $a a $a i $a c
106    $a 010
120    $a b
200    $7 ba0yba0y $8 fre    $9  0  $a Rauber $b François $f 1933-2003
300    $a Compositeur, arrangeur, pianiste et chef d'orchestre
301    $a Neufchâteau (Vosges)
801    $a FR $b FR-751131015 $c 20181109
810    $a Les fabulettes d'Anne Sylvestre [Enregistrement sonore] / Anne Sylvestre, chant ; François Rauber, dir. EPM 3016722
810    $a Monde, 2003-12-19 $a WW in France (1976-1977)
999    $a FRBNF13898834X $b 13898834
152    $b NP

