01583cx  a2200337   4500
001 2639
003 http://catalogue.bnf.fr/ark:/12148/cb13951368v
005 20240511060319.0
010    $a 0000000374473567 $2 ISNI $d 20240131
033    $a http://catalogue.bnf.fr/ark:/12148/cb13951368v
035    $a FRBNF139513687
100    $a 19921223afrey50      ba0
101    $a pol
102    $a PL
103    $a  19520426  20240119 
105    $a i
106    $a 010
120    $a a
152    $c 2 $b NP
200    $7 ba0yba0y $8 fre    $9  0  $a Podleś $b Ewa $f 1952-2024
300    $a Artiste lyrique (contralto)
300    $a Épouse du pianiste Jerzy Marchwinski (1935-2023)
301    $a Varsovie (Pologne) $b Varsovie (Pologne)
686    $a 780 $c Musique $2 Note de regroupement par domaine
801    $a FR $b FR-751131015 $c 20240208
810    $a Ewa Podleś, contralto assoluto / Brigitte Cormier, 2014 $a Les 19 mélodies opus 74 [Enregistrement sonore] / Chopin, comp. ; [...] Ewa Podles, MS... [et al.]. Forlane 16795
810    $a Grove music online - http://www.grovemusic.com (2002-03-01) $a VIAF - http://viaf.org/viaf/51881041 (2016-02-11) $a Wyborcza - https://wyborcza.pl (2024-01-20) $a Bibliothèque nationale, catalogue, Pologne - https://www.bn.org.pl/en (2024-02-08)
810    $a BnF Service Littératures du monde (polonais), 2024-01-20
856    $u http://www.podles.pl/ $e 2006-12-15
856    $u http://www.grovemusic.com $e 2002-03-01 $u http://viaf.org/viaf/51881041 $e 2016-02-11 $u https://wyborcza.pl/ $e 2024-01-20 $u https://www.bn.org.pl/en $e 2024-02-08
999    $a FRBNF139513687 $b 13951368

