01500cx  a2200361   4500
001 2782
003 http://catalogue.bnf.fr/ark:/12148/cb12499109j
005 20240515074951.0
010    $a 0000000078343100 $2 ISNI $d 20170818
033    $a http://catalogue.bnf.fr/ark:/12148/cb12499109j
035    $a FRBNF124991090
039    $o OPL $a 00893493X $z AMA
039    $o OPL $a 012031683 $z APP
100    $a 19960131afrey50      ba0
101    $a fre
102    $a FR
103    $a  19420102           
105    $a a $a p
106    $a 010
120    $a a
200    $7 ba0yba0y $8 fre    $9  0  $a Mouraud $b Tania $f 1942-....
300    $a Artiste et photographe. - Réside en Angleterre entre 1957 et 1960, puis en Allemagne de 1960 à 1965
400    $7 ba0yba0y $8 fre    $9     $a Mouraud $b Christine $f 1942-....
510    $5 xxxk $0 Membre de :  $3 16974334 $7 ba0yba0y $8 fre    $9 20  $a École supérieure d'art de Lorraine $b Unité de production
686    $a 700 $c Arts $2 Note de regroupement par domaine
686    $a 770 $c Photographie $2 Note de regroupement par domaine
801    $a FR $b FR-751131015 $c 20221021
810    $a La gravure tirée à la main / [texte et gravure de] Pierre Petit ; [photogr. par Tania Mouraud], 1995
810    $a Tania Mouraud / Arnauld Pierre, 2004
810    $a Bénézit, 1976 : Mouraud, Christine dite Tania $a Encycl. internationale des photographes / Michèle et Michel Auer, 1992
856    $u https://www.taniamouraud.com/ $e 2022-10-21
999    $a FRBNF124991090 $b 12499109
152    $b NP

