07549cx  a2201225   4500
001 2911
003 http://catalogue.bnf.fr/ark:/12148/cb13318427c
005 20240518074859.0
033    $a http://catalogue.bnf.fr/ark:/12148/cb13318427c
035    $a FRBNF133184270
039    $o OPL $a 001558976
100    $a 19850620afrey50      ba0
106    $a 201
152    $b GENRE/FORM $c 2
159    $a rameau
180    $a a
280  0 $7 ba0yba0y $8 fre    $9     $a Publicité
305 1  $a Voir aussi la subdivision Dans la publicité à tous sujets noms communs et noms propres
330    $a S'emploie également en subdivision. Cette subdivision s'applique aux industries et aux sujets noms communs appropriés (domaines, produits), par ex. : Automobiles -- Publicité ; Industrie de la musique et du son -- Publicité
330    $a Ne pas employer aux noms propres : on établit dans ce cas deux vedettes-matière, par ex. : 1. Automobiles -- Publicité -- France. 2. Citroën (automobiles)
480  0 $7 ba0yba0y $8 fre    $9     $a Annonces publicitaires
480  0 $7 ba0yba0y $8 fre    $9     $a Communication publicitaire
480  0 $7 ba0yba0y $8 fre    $9     $a Industrie de la publicité
480  0 $7 ba0yba0y $8 fre    $9     $a Industrie publicitaire
480  0 $7 ba0yba0y $8 fre    $9     $a Information publicitaire
480  0 $7 ba0yba0y $8 fre    $9     $a Pub
480  0 $7 ba0yba0y $8 fre    $9     $a Publicité $x Industrie et commerce
480  0 $7 ba0yba0y $8 fre    $9     $a Publicité commerciale
480  0 $7 ba0yba0y $8 fre    $9     $a Réclame
550    $5 z $0 Voir aussi $3 16902884 $7 ba0yba0y $8 fre    $9     $a Acteurs de publicité
550    $5 z $0 Voir aussi $3 11955018 $7 ba0yba0y $8 fre    $9     $a Agences de publicité
550    $5 z $0 Voir aussi $3 16221938 $7 ba0yba0y $8 fre    $9     $a Médias et publicité
550    $5 z $0 Voir aussi $3 14454448 $7 ba0yba0y $8 fre    $9     $a Personnages publicitaires
550    $5 z $0 Voir aussi $3 13549200 $7 ba0yba0y $8 fre    $9     $a Propagande
550    $5 z $0 Voir aussi $3 12272715 $7 ba0yba0y $8 fre    $9     $a Publicitaires
550    $5 z $0 Voir aussi $3 12653773 $7 ba0yba0y $8 fre    $9     $a Publicité $x Droit
550    $5 z $0 Voir aussi $3 11940667 $7 ba0yba0y $8 fre    $9     $a Publicité $x Mise en page et typographie
550    $5 z $0 Voir aussi $3 13319406 $7 ba0yba0y $8 fre    $9     $a Publicité $x Taux de rendement
550    $5 z $0 Voir aussi $3 11996255 $7 ba0yba0y $8 fre    $9     $a Publicité et enfants
550    $5 z $0 Voir aussi $3 16684479 $7 ba0yba0y $8 fre    $9     $a Publicité et politique
550    $5 z $0 Voir aussi $3 13193326 $7 ba0yba0y $8 fre    $9     $a Annonceurs
550    $5 z $0 Voir aussi $3 13319060 $7 ba0yba0y $8 fre    $9     $a Relations publiques
550    $5 z $0 Voir aussi $3 13319188 $7 ba0yba0y $8 fre    $9     $a Rumeur
550    $5 z $0 Voir aussi $3 12135912 $7 ba0yba0y $8 fre    $9     $a Société de consommation
550    $5 z $0 Voir aussi $3 15884750 $7 ba0yba0y $8 fre    $9     $a Stratégie de marque
550    $5 z $0 Voir aussi $3 11951222 $7 ba0yba0y $8 fre    $9     $a Vente
550    $5 z $0 Voir aussi $3 11937019 $7 ba0yba0y $8 fre    $9     $a Ventes $x Promotion
550    $5 z $0 Voir aussi $3 16230944 $7 ba0yba0y $8 fre    $9     $a Art et publicité
550    $5 z $0 Voir aussi $3 11938021 $7 ba0yba0y $8 fre    $9     $a Art publicitaire
550    $5 z $0 Voir aussi $3 15580480 $7 ba0yba0y $8 fre    $9     $a Dans la publicité
550    $5 z $0 Voir aussi $3 11966843 $7 ba0yba0y $8 fre    $9     $a Dessinateurs publicitaires
550    $5 z $0 Voir aussi $3 12142989 $7 ba0yba0y $8 fre    $9     $a Droit d'auteur $x Publicité
550    $5 z $0 Voir aussi $3 11981455 $7 ba0yba0y $8 fre    $9     $a Femmes dans l'industrie de la publicité
550    $5 z $0 Voir aussi $3 11973215 $7 ba0yba0y $8 fre    $9     $a Marchandisage
550    $5 h $3 12335186 $7 ba0yba0y $8 fre    $9     $a Cadeaux publicitaires
550    $5 h $3 12076204 $7 ba0yba0y $8 fre    $9     $a Campagnes publicitaires
550    $5 h $3 12098357 $7 ba0yba0y $8 fre    $9     $a Odontostomatologie $x Publicité
550    $5 h $3 11994897 $7 ba0yba0y $8 fre    $9     $a Parrainage publicitaire
550    $5 h $3 12281011 $7 ba0yba0y $8 fre    $9     $a Pharmacie $x Publicité
550    $5 h $3 11978442 $7 ba0yba0y $8 fre    $9     $a Primes (commerce de détail)
550    $5 h $3 11979539 $7 ba0yba0y $8 fre    $9     $a Produits commerciaux $x Démonstrations
550    $5 h $3 15044494 $7 ba0yba0y $8 fre    $9     $a Produits dérivés (marketing)
550    $5 h $3 12568484 $7 ba0yba0y $8 fre    $9     $a Publicité collective
550    $5 h $3 12124374 $7 ba0yba0y $8 fre    $9     $a Publicité comparative
550    $5 h $3 12108807 $7 ba0yba0y $8 fre    $9     $a Publicité d'État
550    $5 h $3 12066913 $7 ba0yba0y $8 fre    $9     $a Cinéma $x Publicité
550    $5 h $3 11961462 $7 ba0yba0y $8 fre    $9     $a Publicité dans les journaux
550    $5 h $3 11981436 $7 ba0yba0y $8 fre    $9     $a Publicité dans les périodiques
550    $5 h $3 11983037 $7 ba0yba0y $8 fre    $9     $a Publicité extérieure
550    $5 h $3 16169473 $7 ba0yba0y $8 fre    $9     $a Publicité intégrée dans les jeux vidéo
550    $5 h $3 15611973 $7 ba0yba0y $8 fre    $9     $a Publicité internationale
550    $5 h $3 11983387 $7 ba0yba0y $8 fre    $9     $a Publicité mensongère
550    $5 h $3 16205921 $7 ba0yba0y $8 fre    $9     $a Publicité négative
550    $5 h $3 14616168 $7 ba0yba0y $8 fre    $9     $a Publicité non adressée
550    $5 h $3 11937138 $7 ba0yba0y $8 fre    $9     $a Publicité politique
550    $5 h $3 11971962 $7 ba0yba0y $8 fre    $9     $a Échantillons (commerce)
550    $5 h $3 12653107 $7 ba0yba0y $8 fre    $9     $a Publicité radiophonique
550    $5 h $3 12472955 $7 ba0yba0y $8 fre    $9     $a Publicité subliminale
550    $5 h $3 13171493 $7 ba0yba0y $8 fre    $9     $a Publicité sur Internet
550    $5 h $3 11979154 $7 ba0yba0y $8 fre    $9     $a Publicité sur le lieu de vente
550    $5 h $3 11951088 $7 ba0yba0y $8 fre    $9     $a Publicité télévisée
550    $5 h $3 11979222 $7 ba0yba0y $8 fre    $9     $a Publipostage
550    $5 h $3 12454490 $7 ba0yba0y $8 fre    $9     $a Régies publicitaires
550    $5 h $3 12081750 $7 ba0yba0y $8 fre    $9     $a Journaux $x Publicité
550    $5 h $3 11965165 $7 ba0yba0y $8 fre    $9     $a Langage publicitaire
550    $5 h $3 15030722 $7 ba0yba0y $8 fre    $9     $a Marchandisage de personnages
550    $5 h $3 11972165 $7 ba0yba0y $8 fre    $9     $a Médecine $x Publicité
550    $5 h $3 16903877 $7 ba0yba0y $8 fre    $9     $a Objets publicitaires
550    $5 g $3 13319296 $7 ba0yba0y $8 fre    $9     $a Affaires
550    $5 g $3 11971842 $7 ba0yba0y $8 fre    $9     $a Communication en marketing
580  0 $5 z $0 Voir aussi $3 16761776 $7 ba0yba0y $8 fre    $9     $a Musique de publicité
580  0 $5 h $3 12046368 $7 ba0yba0y $8 fre    $9     $a Prospectus
580  0 $5 h $3 12036164 $7 ba0yba0y $8 fre    $9     $a Publicité d'intérêt public
580  0 $5 h $3 11955693 $7 ba0yba0y $8 fre    $9     $a Films publicitaires
686    $a 330 $c Economie $2 Note de regroupement par domaine
686    $a 650 $c Gestion et organisation de l'entreprise $2 Note de regroupement par domaine
801    $a FR $b FR-751131015 $c 20190826
810    $a Grand Larousse universel $a Grand Robert de la langue française, 2001 $a Encycl. universalis - http://www.universalis-edu.com (2017-02-28)
810    $a Dict. économique et financier / Y. Bernard, J.-C. Colli, 1996 $a La publicité / L. Chomarat, 2013
822 12 $a Publicity $2 LCSH $u http://id.loc.gov/authorities/subjects/sh85108869 $d 2017-02-28
822 16 $a Advertising $2 LCSH $u http://id.loc.gov/authorities/subjects/sh85001086 $d 2017-02-28
822 12 $a Publicité $2 RVMLaval $d 2017-02-28
822 16 $a Annonces $2 RVMLaval $d 2017-02-28
856    $u http://www.universalis-edu.com $e 2017-02-28
999    $a FRBNF133184270 $b 13318427

