01627cx  a2200385   4500
001 3040
003 http://catalogue.bnf.fr/ark:/12148/cb13896560h
005 20240518075653.0
010    $a 0000000109371981 $2 VIAF $d 20130731
033    $a http://catalogue.bnf.fr/ark:/12148/cb13896560h
035    $a FRBNF138965604
039    $o OPP $a 11206784 $d 20060531
039    $o OPP $a 16384134 $d 20150402
039    $o OPP $a 16384135 $d 20150402
100    $a 19890601afrey50      ba0
101    $a eng
102    $a NL
103    $a  19280530  20120116 
105    $a a $a i
106    $a 010
120    $a b
152    $c 2 $b NP
200    $7 ba0yba0y $8 fre    $9  0  $a Leonhardt $b Gustav $f 1928-2012
300    $a Claveciniste, organiste, pianofortiste et chef d'orchestre. - Professeur de clavecin au Conservatoire d'Amsterdam (1954-1988)
301    $a s'Graveland (Pays-Bas) $b Amsterdam
400    $7 ba0yba0y $8 fre    $9     $a Leonhardt $b Gustav M. $f 1928-2012
510    $5 xxxz $0 Dirige :  $3 14067252 $7 ba0yba0y $8 fre    $9 20  $a Café Zimmermann
510    $5 xxxz $0 Dirige :  $3 13904590 $7 ba0yba0y $8 fre    $9 20  $a Leonhardt-Consort
510    $5 xxxz $0 Dirige :  $3 13961061 $7 ba0yba0y $8 fre    $9 20  $a Quadro Amsterdam
686    $a 780 $c Musique $2 Note de regroupement par domaine
801    $a FR $b FR-751131015 $c 20150402
810    $a The Art of fugue : Bach's last harpsichord work : an argument / Gustav M. Leonhardt, 1952
810    $a Grove music online - http://www.grovemusic.com (2006-05-31) $a Dictionnaire des interprètes / Alain Pâris, 1995 $a Monde, 2012-01-19
856    $u http://www.grovemusic.com $e 2006-05-31
999    $a FRBNF138965604 $b 13896560

