01536cx  a2200385   4500
001 3169
003 http://catalogue.bnf.fr/ark:/12148/cb119106659
005 20240513023120.0
010    $a 0000000121363378 $2 VIAF $d 20130724
033    $a http://catalogue.bnf.fr/ark:/12148/cb119106659
035    $a FRBNF119106659
039    $o OPL $a 001613383 $z AMA
039    $o OPL $a 000976200 $z APP
039    $o OPP $a 14905417 $d 20091012
100    $a 19780209afrey50      ba0
101    $a swe
102    $a SE
103    $a  18910523  19740711 
105    $a a
106    $a 010
120    $a b
152    $c 2 $b NP
200    $7 ba0yba0y $8 fre    $9  0  $a Lagerkvist $b Pär $f 1891-1974
300    $a Poète, auteur dramatique et romancier. - Prix Nobel de littérature 1951
301    $a Växjö (Suède) $b Stockholm
400    $7 ba0yba0y $8 fre    $9     $a Lagerkvist $b Paer $f 1891-1974
540    $3 16541504 $a Nystroem $b Gösta $f 1890-1966 $t [Ångest]
540    $3 16119499 $a Pergament $b Moses $f 1893-1977 $t [Vem spelar i natten]
686    $a 800 $c Histoire et critique littéraires $2 Note de regroupement par domaine
801    $a FR $b FR-751131015 $c 20091012
810    $a Pays du soir / Lagerkvist, 1986
810    $a Svenskt författar lexikon, 1971-1975 $a Contemporary authors : Lagerkvist, Paer (Fabian) - http://infotrac.london.galegroup.com (2009-10-12)
810    $a BN Cat. gén. $a BN Cat. gén. suppl. $a BN Cat. gén. 1960-1969 : Lagerkvist, Pär Fabian
856    $u http://infotrac.london.galegroup.com $e 2009-10-12
999    $a FRBNF119106659 $b 11910665

