01512cx  a2200337   4500
001 3307
003 http://catalogue.bnf.fr/ark:/12148/cb118946067
005 20240519034026.0
010    $a 0000000120967305 $2 VIAF $d 20130724
033    $a http://catalogue.bnf.fr/ark:/12148/cb118946067
035    $a FRBNF118946062
039    $o OPL $a 000549928
039    $o OPP $a 16810136 $d 20171115
100    $a 19750312afrey50      ba0
101    $a eng
102    $a GB
103    $a  19360427  20190104 
105    $a a
106    $a 010
120    $a b
152    $c 2 $b NP
200    $7 ba0yba0y $8 fre    $9  0  $a Burningham $b John $f 1936-2019
300    $a Auteur et illustrateur d'ouvrages pour enfants
301    $a Farnham (Royaume-Uni) $b Londres (Royaume-Uni)
686    $a 800 $c Histoire et critique littéraires $2 Note de regroupement par domaine
801    $a FR $b FR-751131015 $c 20230624
810    $a Trubloff, la souris qui voulait jouer de la balalaïka / John Burningham, 1985 $a Harvey Slumfenburger's Christmas present / John Burningham, 2000
810    $a Bibliothèque nationale, Grande-Bretagne - http://www.bl.uk (2022-12-29) $a LivresHebdo - https://www.livreshebdo.fr/article/deces-de-lauteur-et-illustrateur-jeunesse-john-burningham (2019-01-10) $a Le Monde [article nécrologique], 2019-01-17
810    $a BN Cat. gén. 1960-1969
856    $u http://www.bl.uk $e 2022-12-29 $u https://www.livreshebdo.fr/article/deces-de-lauteur-et-illustrateur-jeunesse-john-burningham $e 2019-01-10
999    $a FRBNF118946062 $b 11894606

