01460cx  a2200325   4500
001 3430
003 http://catalogue.bnf.fr/ark:/12148/cb119178437
005 20240519070724.0
010    $a 0000000120961114 $2 VIAF $d 20131024
033    $a http://catalogue.bnf.fr/ark:/12148/cb119178437
035    $a FRBNF119178434
039    $o OPL $a 001170639
039    $o OPP $a 16818121 $d 20161112
100    $a 19830323afrey50      ba0
101    $a fre
102    $a BE
103    $a  19600629           
105    $a a
106    $a 010
120    $a b
152    $c 2 $b NP
200    $7 ba0yba0y $8 fre    $9  0  $a Norac $b Carl $f 1960-....
300    $a Écrit aussi en flamand
300    $a Scénariste, auteur, conteur et adaptateur d'albums pour la jeunesse. - Poète. - Professeur, attaché culturel (en 1990)
520    $5 xxxk $0 Membre de :  $3 16534640 $7 ba0yba0y $8 fre    $9  0  $a Norac-Grousset
686    $a 800 $c Histoire et critique littéraires $2 Note de regroupement par domaine
801    $a FR $b FR-751131015 $c 20220127
810    $a A toi de jouer, Diogène! / Godi, Norac, 1990 $a Un loup dans la nuit bleue / texte de Carl Norac ; ill. de Louis Joos, 1996 $a Piéton du monde : poésie / Carl Norac, DL 2021
810    $a Répertoire des auteurs et illustrateurs de livres pour l'enfance et la jeunesse en Wallonie et à Bruxelles, 2004 $a Les Éléments des poètes / poèmes... choisis et présentés par Jacques Charpentreau, 1990, p. 212
999    $a FRBNF119178434 $b 11917843

