01303cx  a2200313   4500
001 3555
003 http://catalogue.bnf.fr/ark:/12148/cb11916857p
005 20240519052515.0
010    $a 0000000108861970 $2 VIAF $d 20130724
033    $a http://catalogue.bnf.fr/ark:/12148/cb11916857p
035    $a FRBNF119168575
039    $o OPL $a 001142796
100    $a 19821011afrey50      ba0
101    $a fre
102    $a FR
103    $a  19500709           
105    $a a $a i $a p
106    $a 010
120    $a b
200    $7 ba0yba0y $8 fre    $9  0  $a Morgiève $b Richard $f 1950-....
300    $a Écrivain, scénariste, conducteur de camion. - A signé Richard S̲. Morgiève en hommage aux auteurs américains, écrit également sous le pseudonyme de Bauman
400    $7 ba0yba0y $8 fre    $9     $a Morgiève $b Richard S. $f 1950-....
500    $5 z $0 Voir aussi $3 11890654 $7 ba0yba0y $8 fre    $9  0  $a Bauman $f 1950-....
801    $a FR $b FR-751131015 $c 20100413
810    $a Un petit homme de dos / Richard Morgiève, 1988
810    $a L'année du polar 1985 $a Libération, 2004-01-14 $a Centre du national du livre - CNL - http://www.centrenationaldulivre.fr/?Richard-Morgieve (2010-04-13)
856    $u http://www.centrenationaldulivre.fr/?Richard-Morgieve $e 2010-04-13
999    $a FRBNF119168575 $b 11916857
152    $b NP

