01066cx  a2200301   4500
001 3685
003 http://catalogue.bnf.fr/ark:/12148/cb11899520q
005 20240513020313.0
010    $a 0000000109164894 $2 VIAF $d 20130724
033    $a http://catalogue.bnf.fr/ark:/12148/cb11899520q
035    $a FRBNF118995209
039    $o OPL $a 000678499
039    $o OPP $a 14676228 $d 20090106
100    $a 19760312afrey50      ba0
101    $a fre $t ger
102    $a FR
103    $a  19380224  200309   
105    $a a
106    $a 1  
120    $a b
200    $7 ba0yba0y $8 fre    $9  0  $a Demet $b Michel-François $f 1938-2003
300 0  $a Maître de conférences en allemand à l'Université de Paris IV
400    $7 ba0yba0y $8 fre    $9     $a Demet $b Michel $f 1938-2003
801    $a FR $b FR-751131015 $c 20090106
810    $a Ce soir ou dans sept ans / Christoph Meckel ; trad. de l'allemand par Michel-François Demet, 1984 $a Guide de la version allemande / Michel Demet, Bernard Lortholary, 1989
810    $a Monde, 2003-09-25
999    $a FRBNF118995209 $b 11899520
152    $b NP

