01187cx  a2200325   4500
001 3817
003 http://catalogue.bnf.fr/ark:/12148/cb13890733q
005 20240514062913.0
010    $a 0000000080920050 $2 VIAF $d 20130731
033    $a http://catalogue.bnf.fr/ark:/12148/cb13890733q
035    $a FRBNF138907330
039    $o OPP $a 14842146 $d 20080110
039    $o OPP $a 13817014 $d 20080516
100    $a 19890601afrey50      ba0
102    $a US
103    $a  19070923  19491202 
105    $a a $a i
106    $a 1  
120    $a b
152    $c 2 $b NP
200    $7 ba0yba0y $8 fre    $9  0  $a Ammons $b Albert $f 1907-1949
300 0  $a Père de Gene Ammons. - Pianiste de Blues et de Boogie-Woogie
301    $a Chicago $b Chicago
510    $5 xxxk $0 Membre de :  $3 13970636 $7 ba0yba0y $8 fre    $9 20  $a The Port of Harlem jazzmen
510    $5 xxxz $0 Dirige :  $3 13945746 $7 ba0yba0y $8 fre    $9 20  $a Albert Ammons and his Rhythm Kings
801    $a FR $b FR-751131015 $c 20130228
810    $a Movin'the boogie [Musique imprimée] / by Albert Ammons and Pete Johnson, 1945
810    $a AMG - http://allmusic.com (2008-01-10)
856    $u http://allmusic.com $e 2008-01-10
999    $a FRBNF138907330 $b 13890733

