01721cx  a2200397   4500
001 4079
003 http://catalogue.bnf.fr/ark:/12148/cb12052195r
005 20240519075044.0
010    $a 0000000122836990 $2 VIAF $d 20130724
033    $a http://catalogue.bnf.fr/ark:/12148/cb12052195r
035    $a FRBNF120521951
039    $o OPL $a 003584845 $z APP
039    $o OPL $a 013496977 $z AMA
039    $o OPP $a 14019386 $d 20070108
039    $o OPP $a 14072873 $d 20070108
039    $o OPP $a 16780778 $d 20160219
100    $a 19840420afrey50      ba0
101    $a fre
102    $a FR
103    $a  19590528           
105    $a a $a p $a i
106    $a 010
120    $a b
200    $7 ba0yba0y $8 fre    $9  0  $a Berberian $b Charles $f 1959-....
300    $a Dessinateur et scénariste de bandes dessinées. - Travaille en association avec Philippe Dupuy (1960-...). - Frère d'Alain Berberian
301    $a Bagdad (Irak)
400    $7 ba0yba0y $8 fre    $9     $a Berberian $f 1959-....
500    $5 z $0 Voir aussi $3 15837789 $7 ba0yba0y $8 fre    $9  0  $a Dupuy-Berberian
510    $3 16717752 $7 ba0yba0y $8 fre    $9 20  $a Nightbuzz
801    $a FR $b FR-751131015 $c 20221024
810    $a Une aventure de Stanislas / [dessins de] Dupuy ; [scénario de] Berberian, 1990 $a Le défi de Serge T. / un roman de Marie-Aude Murail ; ill. par Dupuy-Berberian, 1993 $a Bienvenue à Boboland : le comportement humain en milieu urbain / par Dupuy & Berberian, 2008
810    $a Dictionnaire de la bande dessinée / Henri Filippini, 1989 $a Dupuy-Berberian - http://www.duber.net (2008-11-10)
815    $a Guide de la bande dessinée / Philippe Bronson, 1986
856    $u http://www.duber.net $e 2008-11-10
999    $a FRBNF120521951 $b 12052195
152    $b NP

