00950cx  a2200301   4500
001 4194
003 http://catalogue.bnf.fr/ark:/12148/cb120081746
005 20240518074118.0
010    $a 0000000121372063 $2 ISNI $d 20170818
033    $a http://catalogue.bnf.fr/ark:/12148/cb120081746
035    $a FRBNF120081740
039    $o OPL $a 002475501 $z APP
039    $o OPL $a 00464823X $z APP
100    $a 19870227afrey50      ba0
101    $a eng
102    $a GB
103    $a  1941               
105    $a a
106    $a 1  
120    $a b
152    $c 2 $b NP
200    $7 ba0yba0y $8 fre    $9  0  $a Waddell $b Martin $f 1941-....
301    $a Belfast, GB
400    $5 e $7 ba0yba0y $8 fre    $9     $a Sefton $b Catherine $f 1941-....
801    $a FR $b FR-751131015 $c 20060517
810    $a Harriett et les crocodiles / Martin Waddell, 1986 $a Tu comprendras plus tard / Catherine Sefton, 1990
810    $a BL DPB $a LCNA (CD), 1996-06
999    $a FRBNF120081740 $b 12008174

