01163cx  a2200277   4500
001 4321
003 http://catalogue.bnf.fr/ark:/12148/cb11931758z
005 20240512064929.0
033    $a http://catalogue.bnf.fr/ark:/12148/cb11931758z
035    $a FRBNF119317581
039    $o OPL $a 001524970
100    $a 19810211afrey50      ba0
106    $a 211
152    $b SNC $c 2
159    $a rameau
250    $7 ba0yba0y $8 fre    $9     $a Communisme et intellectuels
450    $7 ba0yba0y $8 fre    $9     $a Intellectuels et communisme
550    $5 z $0 Voir aussi $3 12647613 $7 ba0yba0y $8 fre    $9     $a Socialisme et intellectuels
550    $5 h $3 16682611 $7 ba0yba0y $8 fre    $9     $a Nhân Văn-Giai Phẩm, Affaire (1956-1958)
550    $5 g $3 11932127 $7 ba0yba0y $8 fre    $9     $a Intellectuels
550    $5 g $3 12649108 $7 ba0yba0y $8 fre    $9     $a Communisme et culture
686    $a 320 $c Sciences politiques $2 Note de regroupement par domaine
801    $a FR $b FR-751131015 $c 19991220
822 12 $a Communisme et intellectuels $2 RVMLaval $d 1999-12-20
822 1  $a Communism and intellectuals $2 LCSH $u http://id.loc.gov/authorities/subjects/sh85029145 $d 2017-02-09
999    $a FRBNF119317581 $b 11931758

