01660cx  a2200313   4500
001 4441
003 http://catalogue.bnf.fr/ark:/12148/cb118910432
005 20240509032437.0
010    $a 0000000115797081 $2 ISNI $d 20131217
033    $a http://catalogue.bnf.fr/ark:/12148/cb118910432
035    $a FRBNF11891043X
039    $o OPL $a 000458236
039    $o OPP $a 14969352 $d 20171130
039    $o OPP $a 15437682 $d 20171130
100    $a 19780626afrey50      ba0
101    $a fre
102    $a FR
103    $a  19341124           
105    $a a
106    $a 1  
120    $a b
200    $7 ba0yba0y $8 fre    $9  0  $a Bellec $b François $f 1934-....
300 0  $a Contre-amiral. - Peintre officiel de la marine depuis 1975. - Ancien directeur du musée national de la Marine. - Membre de l'Académie des sciences d'Outre-Mer. - Ancien président de l'association des peintres officiels de la Marine (en 2010). - Membre et ancien président de l'Académie de marine (en 2010). - Président de la Société nationale des Beaux-Arts (en 2010)
801    $a FR $b FR-751131015 $c 20171204
810    $a La mer sous le regard des peintres de la marine / Y. Le Pichon, F. Bellec, M. Tripier, 1988 $a Le livre de l'aventure maritime / François Bellec, 1995 $a La baie de Saint-Vaast-la-Hougue : sous le regard des peintres officiels de la Marine / François Bellec et Edmond Thin, DL 2010
810    $a Bénézit, 1999 $a Dictionnaire des écrivains d'aujourd'hui en Bretagne / Jacques Gohier, Ronan Huon, 1984 $a Océanides - http://oceanides-association.org (2017-11-30)
856    $u http://oceanides-association.org $e 2017-11-30
999    $a FRBNF11891043X $b 11891043
152    $b NP

