01300cx  a2200289   4500
001 4580
003 http://catalogue.bnf.fr/ark:/12148/cb13968716m
005 20240514072637.0
010    $a 0000000066532924 $2 ISNI $d 20131217
033    $a http://catalogue.bnf.fr/ark:/12148/cb13968716m
035    $a FRBNF139687168
100    $a 19941021afrey50      ba0
102    $a NO
103    $a  19230610  20130125 
105    $a i
106    $a 1  
120    $a a
152    $c 2 $b NP
200    $7 ba0yba0y $8 fre    $9  0  $a Nordmo-Lövberg $b Aase $f 1923-2013
300 0  $a Artiste lyrique (soprano). - , Malselv/Troms 10 June 1923 - Lillehammer 25 January 2013)
301    $a Mälselv (Norvège) $b Lillehammer
400    $7 ba0yba0y $8 fre    $9     $a Lövberg $b Aase Nordmo- $f 1923-2013
801    $a FR $b FR-751131015 $c 20130220
810    $a Lohengrin [Enregistrement sonore] / Richard Wagner, comp. ; Theo Adam, BAR B (Heinrich der Vogler) ; Wolfgang  Windgassen, T (Lohengrin) ; Aase Nordmo Løvberg, S (Elsa von Brabant)... [et al.]. Myto historical line 3 CD 00276
810    $a Kutsch $a Wikipedia - en.wikipedia.org/wiki (2011-09-15) $a Opera nostalgia - http://www.operanostalgia.be (2013-02-20)
856    $u en.wikipedia.org/wiki $e 2011-09-15 $u http://www.operanostalgia.be/ $e 2013-02-20
999    $a FRBNF139687168 $b 13968716

