01001cx  a2200277   4500
001 4711
003 http://catalogue.bnf.fr/ark:/12148/cb13979637r
005 20240515061420.0
010    $a 0000000078398910 $2 VIAF $d 20130731
033    $a http://catalogue.bnf.fr/ark:/12148/cb13979637r
035    $a FRBNF139796370
100    $a 19950811afrey50      ba0
102    $a FR
103    $a  1958               
105    $a i $a a
106    $a 1  
120    $a b
200    $7 ba0yba0y $8 fre    $9  0  $a Genty $b Alain $f 1958-....
300 0  $a Compositeur-interprète de musique folklorique celte. - Joue de la guitare basse. - Fondateur de Alain Genty groupe (1994)
510    $3 15580434 $7 ba0yba0y $8 fre    $9 20  $a Toud'sames
510    $5 xxxk $0 Membre de :  $3 13958967 $a Barzaz
510    $5 xxxk $0 Membre de :  $3 13903840 $a Gwerz
801    $a FR $b FR-751131015 $c 20041025
810    $a Transversales [Enregistrement sonore] fév. 95. RFI 95MTR02 $a Libération, 1999-03-04
999    $a FRBNF139796370 $b 13979637
152    $b NP

