01819cx  a2200373   4500
001 4828
003 http://catalogue.bnf.fr/ark:/12148/cb11931522d
005 20240519053628.0
033    $a http://catalogue.bnf.fr/ark:/12148/cb11931522d
035    $a FRBNF119315228
039    $o OPL $a 001522019
100    $a 19850529afrey50      ba0
106    $a 210
152    $b SNG $c 2
159    $a rameau
215    $7 ba0yba0y $8 fre    $9     $a France $x Histoire
515    $5 h $3 12046416 $7 ba0yba0y $8 fre    $9     $a Histoire constitutionnelle $y France
515    $5 h $3 11962861 $7 ba0yba0y $8 fre    $9     $a France $z Ancien régime
515    $5 h $3 11941846 $7 ba0yba0y $8 fre    $9     $a France $z 1589-1792 (Bourbons)
515    $5 h $3 11936634 $7 ba0yba0y $8 fre    $9     $a France $z 1789-....
550    $5 z $0 Voir aussi $3 11976535 $7 ba0yba0y $8 fre    $9     $a Découverte et exploration françaises
550    $5 z $0 Voir aussi $3 12196769 $7 ba0yba0y $8 fre    $9     $a Participation française
550    $5 h $3 12046416 $7 ba0yba0y $8 fre    $9     $a Histoire constitutionnelle $y France
550    $5 h $3 11962861 $7 ba0yba0y $8 fre    $9     $a France $z Ancien régime
550    $5 h $3 11941846 $7 ba0yba0y $8 fre    $9     $a France $z 1589-1792 (Bourbons)
550    $5 h $3 11936634 $7 ba0yba0y $8 fre    $9     $a France $z 1789-....
580  0 $5 z $0 Voir aussi $3 12026316 $7 ba0yba0y $8 fre    $9     $a Chroniques françaises
580  0 $5 z $0 Voir aussi $3 11976236 $7 ba0yba0y $8 fre    $9     $a Récits personnels français
686    $a 944 $c Histoire de la France (depuis 486) $2 Note de regroupement par domaine
801    $a FR $b FR-751131015 $c 20071017
810    $a Dict. de l'histoire de France / J.-F. Sirinelli, 2006
822 12 $a France -- Histoire $2 RVMLaval $d 2007-10-17
822 12 $a France--History $2 LCSH $u http://id.loc.gov/authorities/subjects/sh85051256 $d 2017-02-09
999    $a FRBNF119315228 $b 11931522

