00746cx  a2200241   4500
001 4959
003 http://catalogue.bnf.fr/ark:/12148/cb120571860
005 20240519020318.0
010    $a 0000000117421440 $2 VIAF $d 20130724
033    $a http://catalogue.bnf.fr/ark:/12148/cb120571860
035    $a FRBNF120571865
039    $o OPL $a 003744043
100    $a 19840420afrey50      ba0
101    $a fre
102    $a FR
105    $a a
106    $a 1  
200    $7 ba0yba0y $8 fre    $9  0  $a Bouvier $b Jean-Christian
300 0  $a Traduit du japonais en français
801    $a FR $b FR-751131015 $c 19891016
810    $a La Proie et l'ombre / R. Edogawa ; roman policier trad. du japonais par J.-C. Bouvier, 1989
999    $a FRBNF120571865 $b 12057186
152    $b NP

