01436cx  a2200277   4500
001 5098
003 http://catalogue.bnf.fr/ark:/12148/cb12361054c
005 20240516024007.0
033    $a http://catalogue.bnf.fr/ark:/12148/cb12361054c
035    $a FRBNF123610540
039    $o OPL $a 009592749
100    $a 19940114afrey50      ba0
106    $a 210
152    $b SNG $c 2
159    $a rameau
250    $7 ba0yba0y $8 fre    $9     $a Politique et gouvernement $y Algérie $z 1992-1999
300 1  $a 11 janvier 1992 : l'armée interrompt le processus électoral devant l'imminence d'une victoire du FIS aux 2e tour des élections législatives prévu pour le 16 janvier. 15 avril 1999 : élection d'Abdelaziz Bouteflika, entré en fonction le 27 avril
415    $7 ba0yba0y $8 fre    $9     $a Algérie $x Politique et gouvernement $z 1992-1999
550    $5 g $3 12066477 $7 ba0yba0y $8 fre    $9     $a Politique et gouvernement $y Algérie $z 1962-....
686    $a 320 $c Sciences politiques $2 Note de regroupement par domaine
686    $a 950 $2 Note de regroupement par domaine
801    $a FR $b FR-751131015 $c 20140429
810    $a Encycl. universalis (art. : Algérie) - http://www.universalis-edu.com (2014-04-29)
810    $a Dict. encycl. d'histoire / M. Mourre, 1996 $a L'année 1992 dans "Le Monde" / B. Camus-Lazaro, 1993 $a L'année 1999 dans "Le Monde" / M. Roche, 2000
856    $u http://www.universalis-edu.com $e 2014-04-29
999    $a FRBNF123610540 $b 12361054

