01043cx  a2200289   4500
001 5373
003 http://catalogue.bnf.fr/ark:/12148/cb13974319s
005 20240514053004.0
010    $a 000000008105027X $2 VIAF $d 20130731
033    $a http://catalogue.bnf.fr/ark:/12148/cb13974319s
035    $a FRBNF139743193
039    $o OPP $a 13841998 $d 20100129
100    $a 19950329afrey50      ba0
102    $a JP
103    $a  19110815  19950404 
105    $a i
106    $a 1  
120    $a a
152    $c 2 $b NP
200    $7 ba0yba0e $8 fre    $9  0  $a Tsuruta $b Kinshi $f 1911-1995
300 0  $a Instrumentiste de musique traditionnelle japonaise. - Joue du biwa (luth). - Appartient à l'école Kinshin de satsuma-biwa
301    $a Takikawa-shi, Hokkaido (Japon)
801    $a FR $b FR-751131015 $c 20100129
810    $a Japon / Kinshi Tsuruta, Katsuya Yokoyama. Ocora 580059
810    $a Library of Congress authorities - http://authorities.loc.gov (2010-01-25)
856    $u http://authorities.loc.gov/ $e 2010-01-25
999    $a FRBNF139743193 $b 13974319

