01377cx  a2200337   4500
001 5502
003 http://catalogue.bnf.fr/ark:/12148/cb12172283m
005 20240514045531.0
010    $a 0000000121133169 $2 VIAF $d 20130725
033    $a http://catalogue.bnf.fr/ark:/12148/cb12172283m
035    $a FRBNF121722836
039    $o OPL $a 001782771 $z AMA
039    $o OPL $a 005637136 $z ACO
100    $a 19901126afrey50      ba0
101    $a fre
102    $a FR
103    $a  19420714  19440603 
105    $a a
106    $a 010
150    $a g
210    $7 ba0yba0y $8 fre    $9 20  $a France combattante
300    $a Le 14 juillet 1942, la "France libre" devient la "France combattante", après le ralliement d'une partie de la Résistance intérieure française
510    $5 z $0 Voir aussi $3 11400856 $7 ba0yba0y $8 fre    $9 20  $a France combattante $b Bureau de presse
510    $5 a $0 Avant le 14 juillet 1942, voir $3 12215398 $7 ba0yba0y $8 fre    $9 20  $a France libre
550    $5 g $3 11980432 $7 ba0yba0y $8 fre    $9   1 $a Guerre mondiale (1939-1945) $y France
686    $a 944 $c Histoire de la France (depuis 486) $2 Note de regroupement par domaine
801    $a FR $b FR-751131015 $c 20040121
810    $a JO, Recueil des ordonnances et décrets d'intérêt général (juin 1943-juin 1944), 1944 $a LCNA 1977-1984 $a GLU
810    $a LCNA, 1977-1992
999    $a FRBNF121722836 $b 12172283
152    $b CO

