01629cx  a2200349   4500
001 5622
003 http://catalogue.bnf.fr/ark:/12148/cb13896956c
005 20240519021412.0
010    $a 0000000055141901 $2 VIAF $d 20130731
033    $a http://catalogue.bnf.fr/ark:/12148/cb13896956c
035    $a FRBNF138969563
039    $o OPP $a 14768135 $d 20080603
100    $a 19890601afrey50      ba0
102    $a FR
103    $a  19460624  20160310 
105    $a i $a a
106    $a 1  
120    $a b
200    $7 ba0yba0y $8 fre    $9  0  $a Mahieux $b Jacques $f 1946-2016
300 0  $a Auteur-compositeur-interprète. - Batteur de jazz et chanteur
301    $a Guise (Aisne)
510    $5 xxxk $0 Membre de :  $3 17822874 $7 ba0yba0y $8 fre    $9 20  $a Groupe Unison
510    $5 xxxk $0 Membre de :  $3 14249192 $7 ba0yba0y $8 fre    $9 20  $a Dharma $c Groupe instrumental $c Groupe instrumental
510    $5 xxxk $0 Membre de :  $3 13903944 $7 ba0yba0y $8 fre    $9 20  $a Henri Texier Quartet
510    $5 xxxk $0 Membre de :  $3 15613583 $7 ba0yba0y $8 fre    $9 20  $a Quartet Aparté
510    $5 xxxk $0 Membre de :  $3 13903112 $7 ba0yba0y $8 fre    $9 20  $a EAO
801    $a FR $b FR-751131015 $c 20160314
810    $a Franche musique [Enregistrement sonore] / Jacques Mahieux quartet [Jacques Mahieux, batt. ; Olivier Benoit, guit. ; Vincent Mascart, saxo... et al.]. Label Hopi HOP200023
810    $a Dictionnaire du jazz / Philippe Carles, André Clergeat, Jean-Louis Comolli, 1995 $a Wikipédia - https://fr.wikipedia.org/wiki/Jacques_Mahieux (2016-03-14)
856    $u https://fr.wikipedia.org/wiki/Jacques_Mahieux $e 2016-03-14
999    $a FRBNF138969563 $b 13896956
152    $b NP

