01122cx  a2200277   4500
001 5760
003 http://catalogue.bnf.fr/ark:/12148/cb12059589m
005 20240516051117.0
010    $a 0000000084144888 $2 VIAF $d 20130724
033    $a http://catalogue.bnf.fr/ark:/12148/cb12059589m
035    $a FRBNF120595898
039    $o OPL $a 003822061
100    $a 19870101afrey50      ba0
101    $a swe
102    $a SE
103    $a  19420703  20210825 
105    $a a
106    $a 1  
152    $c 2 $b NP
200    $7 ba0yba0y $8 fre    $9  0  $a Bergström $b Gunilla $f 1942-2021
300 0  $a Auteur de livres pour la jeunesse. - Illustratrice. - Journaliste
801    $a FR $b FR-751131015 $c 20210828
810    $a Bill et Bolla / Jan Gissberg, réal. ; Gunilla Bergström, aut. adaptée ; Georg Riedel, comp.. - [Paris] : Direction du livre et de la lecture [distrib.], [DL 2005]. - [Image animée : vidéo]
810    $a Vem är det, 1993 $a Wikipedia - https://en.wikipedia.org/wiki/Gunilla_Bergstr%C3%B6m (2021-08-28)
856    $u https://en.wikipedia.org/wiki/Gunilla_Bergstr%C3%B6m $e 2021-08-28
999    $a FRBNF120595898 $b 12059589

