01658cx  a2200361   4500
001 5904
003 http://catalogue.bnf.fr/ark:/12148/cb11949245c
005 20240516060436.0
033    $a http://catalogue.bnf.fr/ark:/12148/cb11949245c
035    $a FRBNF119492456
039    $o OPL $a 001753588
100    $a 19821126afrey50      ba0
106    $a 211
152    $b SNC $c 2
159    $a rameau
250    $7 ba0yba0y $8 fre    $9     $a Enfants $x Droits
450    $7 ba0yba0y $8 fre    $9     $a Droits de l'enfant
450    $7 ba0yba0y $8 fre    $9     $a Droits des enfants
450    $7 ba0yba0y $8 fre    $9     $a Droits des mineurs
540    $5 h $3 16668501 $a Nations Unies $t Convention relative aux droits de l'enfant (1989)
540    $5 h $3 12133619 $a Nations Unies $t Déclaration des droits de l'enfant
550    $5 z $0 Voir aussi $3 13318472 $7 ba0yba0y $8 fre    $9     $a Enfants $x Statut juridique
550    $5 z $0 Voir aussi $3 13318480 $7 ba0yba0y $8 fre    $9     $a Protection de l'enfance
550    $5 z $0 Voir aussi $3 15043692 $7 ba0yba0y $8 fre    $9     $a Traite des enfants
550    $5 h $3 16978788 $7 ba0yba0y $8 fre    $9     $a Relations personnelles (droits de l'enfant)
550    $5 h $3 16708682 $7 ba0yba0y $8 fre    $9     $a Aide juridique aux enfants
550    $5 h $3 12113935 $7 ba0yba0y $8 fre    $9     $a Conseils municipaux d'enfants
550    $5 g $3 13318689 $7 ba0yba0y $8 fre    $9     $a Droits de l'homme
686    $a 340 $c Droit $2 Note de regroupement par domaine
801    $a FR $b FR-751131015 $c 20120926
822 12 $a Enfants -- Droits $2 RVMLaval $d 2012-09-26
822 1  $a Children's rights $2 LCSH $u http://id.loc.gov/authorities/subjects/sh85023773 $d 2017-02-09
999    $a FRBNF119492456 $b 11949245

