01475cx  a2200421   4500
001 6028
003 http://catalogue.bnf.fr/ark:/12148/cb11897752d
005 20240517071937.0
010    $a 0000000121208052 $2 ISNI $d 20170818
033    $a http://catalogue.bnf.fr/ark:/12148/cb11897752d
035    $a FRBNF118977524
039    $o OPL $a 001673576 $z AMA
039    $o OPL $a 000631108 $z APP
039    $o OPP $a 14883904 $d 20070627
039    $o OPP $a 14883903 $d 20070627
039    $o OPP $a 16334516 $d 20211109
100    $a 19741120afrey50      ba0
101    $a spa
102    $a ZZ $a AR $a FR
103    $a  19140826  19840212 
105    $a a $a i $a p
106    $a 010
120    $a b
152    $c 2 $b NP
200    $7 ba0yba0y $8 fre    $9  0  $a Cortázar $b Julio $f 1914-1984
300    $a A traduit de l'espagnol en français
300    $a Romancier et poète
301    $a Bruxelles (Belgique) $b Paris (France)
302    $a Naturalisé français en 1981
400    $7 ba0yba0y $8 fre    $9     $a Cortázar $b Julio Florencio $f 1914-1984
400    $5 e $7 ba0yba0y $8 fre    $9     $a Denis $b Julio $f 1914-1984
540    $3 17754288 $a Fénelon $b Philippe $f 1952-.... $t [Les rois. Op. 55]
801    $a FR $b FR-751131015 $c 20211110
810    $a Todos los fuegos el fuego / Julio Cortázar, 1984
810    $a Bibliothèque nationale, Argentine - http://www.bn.gov.ar (2015-05-26)
810    $a BN Cat. gén. 1960-1969
856    $u http://www.bn.gov.ar $e 2015-05-26
999    $a FRBNF118977524 $b 11897752

