01027cx  a2200265   4500
001 6146
003 http://catalogue.bnf.fr/ark:/12148/cb16688891z
005 20240516022650.0
010    $a 0000000410059620 $2 ISNI $d 20150313
033    $a http://catalogue.bnf.fr/ark:/12148/cb16688891z
035    $a FRBNF166888912
100    $a 20130607afrey50      ba0
102    $a FR
103    $a  19950508           
105    $a i
106    $a 1  
120    $a a
200    $7 ba0yba0y $8 fre    $9  0  $a Augarde $b Clara $f 1995-....
300 0  $a Actrice
801    $a FR $b FR-751131015 $c 20160927
810    $a Un poison violent [Images animées] / Katell Quillévéré, réal. [...] Clara Augarde...[et al.], act. Institut français, [2013]
810    $a IMDB - http://www.imdb.com/name/nm3889676 (2013-08-29) $a Wikipédia - http://fr.wikipedia.org/wiki/Clara_Augarde (2013-08-29)
856    $u http://www.imdb.com/name/nm3889676/ $e 2013-08-29 $u http://fr.wikipedia.org/wiki/Clara_Augarde $e 2013-08-29
999    $a FRBNF166888912 $b 16688891
152    $b NP

