01352cx  a2200361   4500
001 6270
003 http://catalogue.bnf.fr/ark:/12148/cb13899177v
005 20240514065442.0
010    $a 0000000114965725 $2 VIAF $d 20130731
033    $a http://catalogue.bnf.fr/ark:/12148/cb13899177v
035    $a FRBNF138991773
039    $o OPL $a 008090010 $z AMA
039    $o OPL $a 008229182 $z APP
039    $o OPP $a 14995158 $d 20070827
100    $a 19890601afrey50      ba0
101    $a fre
102    $a FR
103    $a  19040618  20030605 
105    $a a $a i $a p
106    $a 010
120    $a b
200    $7 ba0yba0y $8 fre    $9  0  $a Rosenthal $b Manuel $f 1904-2003
300    $a Compositeur et chef d'orchestre
301    $a Paris
400    $7 ba0yba0y $8 fre    $9     $a Rosenthal $b Emmanuel $f 1904-2003
510    $5 xxxz $0 Dirige :  $3 13906288 $7 ba0yba0y $8 fre    $9 20  $a Radiodiffusion-Télévision Française $c Paris $b Orchestre national $p 1944-1947
540    $0 A collaboré à l'orchestration de $3 13917758 $a Ravel $b Maurice $f 1875-1937 $t [Ronsard à son âme. Voix, orchestre. O 75]
686    $a 780 $c Musique $2 Note de regroupement par domaine
801    $a FR $b FR-751131015 $c 20081021
810    $a Manuel Rosenthal : une vie / [propos recueillis par] Dominique Saudinos, 1992
810    $a Baker, 1995 $a GLE $a Grove 7
999    $a FRBNF138991773 $b 13899177
152    $b NP

