01538cx  a2200313   4500
001 6392
003 http://catalogue.bnf.fr/ark:/12148/cb13900734c
005 20240512070558.0
010    $a 0000000110851173 $2 VIAF $d 20130731
033    $a http://catalogue.bnf.fr/ark:/12148/cb13900734c
035    $a FRBNF139007348
039    $o OPL $a 015896945
100    $a 19890601afrey50      ba0
102    $a BE
103    $a  1945               
105    $a a $a i $c s
106    $a 1  
120    $a b
152    $c 2 $b NP
200    $7 ba0yba0y $8 fre    $9  0  $a Van Immerseel $b Jos $f 1945-....
300 0  $a Musicologue. - Chef d'orchestre et pianiste. - Joue aussi du pianoforte et du clavecin. - Fonde en 1987 l'ensemble "Anima eterna"
301    $a Anvers (Belgique)
400    $7 ba0yba0y $8 fre    $9     $a Immerseel $b Jos Van $f 1945-....
510    $5 xxxz $0 Dirige :  $3 14007434 $7 ba0yba0y $8 fre    $9 20  $a Anima eterna $b Symphony orchestra
510    $5 xxxz $0 Dirige :  $3 14027927 $7 ba0yba0y $8 fre    $9 20  $a Anima eterna $b Symphony chorus
801    $a FR $b FR-751131015 $c 20210125
810    $a Matière et musique : the Cluny encounter : proceedings of the European encounter on instrument making and restoration / ed. by Claire Chevallier, Jos van Immerseel, 2000 $a Pièces à deux pianos [Enregistrement sonore] / Saint-Saëns, Franck, Infante... [et al.], comp. ; Claire Chevallier & Jos Van Immerseel, pf. Zig-zag territoires ZZT 030903
810    $a Dict. des interprètes et de l'interprétation musicale / Alain Pâris, 1995
999    $a FRBNF139007348 $b 13900734

