00916cx  a2200313   4500
001 6527
003 http://catalogue.bnf.fr/ark:/12148/cb12404025f
005 20240518074226.0
010    $a 0000000055113521 $2 VIAF $d 20131024
033    $a http://catalogue.bnf.fr/ark:/12148/cb12404025f
035    $a FRBNF124040253
039    $o OPL $a 010349299
039    $o OPP $a 14785936 $d 20060724
100    $a 19940614afrey50      ba0
101    $a fre
102    $a FR
103    $a  19450209           
105    $a a $a i $c s $d g
106    $a 010
120    $a b
200    $7 ba0yba0y $8 fre    $9  0  $a Lenorman $b Gérard $f 1945-....
300    $a Chanteur de variétés
301    $a Benouville (Calvados)
686    $a 780 $c Musique $2 Note de regroupement par domaine
801    $a FR $b FR-751131015 $c 20060724
810    $a Gérard Lenorman / E. Chandet, 1975
810    $a Quid 1993
999    $a FRBNF124040253 $b 12404025
152    $b NP

