02085cx  a2200421   4500
001 6685
003 http://catalogue.bnf.fr/ark:/12148/cb13899915h
005 20240518064546.0
010    $a 0000000121204297 $2 VIAF $d 20130731
033    $a http://catalogue.bnf.fr/ark:/12148/cb13899915h
035    $a FRBNF138999154
039    $o OPL $a 010031827 $z APP
039    $o OPL $a 01039764X $z AMA
039    $o OPP $a 14933961 $d 20070112
100    $a 19890601afrey50      ba0
101    $a eng
102    $a GB
103    $a  19121021  19970905 
105    $a a $a i $a p
106    $a 010
120    $a b
152    $c 2 $b NP
200    $7 ba0yba0y $8 fre    $9  0  $a Solti $b Georg $f 1912-1997
300    $a Chef d'orchestre. - 1er prix de piano du concours international de Genève en 1942. - Obtient 12 fois le Grand prix mondial du disque et 29 Grammy Awards aux Etats-Unis
301    $a Budapest (Hongrie) $b Antibes (France)
302    $a D'origine hongroise $a Naturalisé britannique en 1972
510    $5 xxxz $0 Dirige :  $3 13946074 $7 ba0yba0y $8 fre    $9 20  $a Frankfurter Museumsorchester $p 1952-1961
510    $5 xxxz $0 Dirige :  $3 13902736 $7 ba0yba0y $8 fre    $9 20  $a Royal opera house $c Londres $b Orchestra $p 1961-1971
510    $5 xxxz $0 Dirige :  $3 13902444 $7 ba0yba0y $8 fre    $9 20  $a Chicago symphony orchestra $p 1969-1991
510    $5 xxxz $0 Dirige :  $3 13902821 $7 ba0yba0y $8 fre    $9 20  $a Dallas symphony orchestra $p 1961-1962
510    $5 xxxz $0 Dirige :  $3 13904702 $7 ba0yba0y $8 fre    $9 20  $a London philharmonic orchestra $p 1979-1981
510    $5 xxxz $0 Dirige :  $3 13905457 $7 ba0yba0y $8 fre    $9 20  $a Orchestre de Paris $p 1972-1975
510    $5 xxxz $0 Dirige :  $3 13901870 $7 ba0yba0y $8 freger $9 20  $a Bayerisches Staatsorchester $p 1947-1951
686    $a 780 $c Musique $2 Note de regroupement par domaine
801    $a FR $b FR-751131015 $c 20070112
810    $a Memoirs / Sir Georg Solti ; with assistance from Harvey Sachs, cop. 1997
810    $a Monde, 1997-09-07/08 $a Grove 6 $a Guide de l'opéra / Harold Rosenthal, John Warrack, 1995 $a Dictionnaire des interprètes / Alain Pâris, 1995
999    $a FRBNF138999154 $b 13899915

