00752cx  a2200241   4500
001 6813
003 http://catalogue.bnf.fr/ark:/12148/cb14615092n
005 20240515031223.0
010    $a 0000000044742517 $2 VIAF $d 20130802
033    $a http://catalogue.bnf.fr/ark:/12148/cb14615092n
035    $a FRBNF146150923
100    $a 20050322afrey50      ba0
101    $a fre $t ger
102    $a FR
103    $a  1954               
105    $a a
106    $a 1  
120    $a b
200    $7 ba0yba0y $8 fre    $9  0  $a Colbus $b Jean-Claude $f 1954-....
801    $a FR $b FR-751131015 $c 20051116
810    $a Kurt Masur / Johannes Forner ; biographie trad. de l'allemand par Brigitte Hébert et Jean-Claude Colbus, 2004
999    $a FRBNF146150923 $b 14615092
152    $b NP

