00988cx  a2200253   4500
001 6955
003 http://catalogue.bnf.fr/ark:/12148/cb12109456h
005 20240507040000.0
033    $a http://catalogue.bnf.fr/ark:/12148/cb12109456h
035    $a FRBNF121094566
039    $o OPL $a 004510538
100    $a 19890411afrey50      ba0
106    $a 210
152    $b SNG $c 2
159    $a rameau
250    $7 ba0yba0y $8 fre    $9     $a Conditions économiques $y Europe
415    $7 ba0yba0y $8 fre    $9     $a Europe $x Conditions économiques
550    $5 z $0 Voir aussi $3 11931301 $7 ba0yba0y $8 fre    $9     $a Europe
550    $5 h $3 12650182 $7 ba0yba0y $8 fre    $9     $a Intégration économique $y Europe
550    $5 h $3 12217913 $7 ba0yba0y $8 fre    $9     $a Conditions économiques $y Europe $z 1945-....
801    $a FR $b FR-751131015 $c 19961113
810    $a Laval RVM, 1996-02
822 12 $a Europe--Economic conditions $2 LCSH $u http://id.loc.gov/authorities/subjects/sh85045668 $d 2017-02-09
999    $a FRBNF121094566 $b 12109456

