00976cx  a2200277   4500
001 7099
003 http://catalogue.bnf.fr/ark:/12148/cb13892642w
005 20240517063418.0
010    $a 0000000063095431 $2 VIAF $d 20130731
033    $a http://catalogue.bnf.fr/ark:/12148/cb13892642w
035    $a FRBNF138926423
100    $a 19890601afrey50      ba0
102    $a US
103    $a  19321001  19931124 
105    $a a $a i $a p
106    $a 010
120    $a b
152    $c 2 $b NP
200    $7 ba0yba0y $8 fre    $9  0  $a Collins $b Albert $f 1932-1993
300    $a Guitariste et chanteur de blues
301    $a Leona (Tex.) $b Las Vegas
510    $5 xxxz $0 Dirige :  $3 13901545 $7 ba0yba0y $8 fre    $9 20  $a Albert Collins and the Icebreakers
801    $a FR $b FR-751131015 $c 20160721
810    $a Deep freeze [Enregistrement sonore] / Albert Collins, guit. électr., chant. Recall 2CD SMDCD538
810    $a Le rock de A à Z, 1990 $a Jazz hot, 507, février1994
999    $a FRBNF138926423 $b 13892642

