00752cx  a2200241   4500
001 7232
003 http://catalogue.bnf.fr/ark:/12148/cb12051826m
005 20240512071111.0
010    $a 0000000007576126 $2 ISNI $d 20150312
033    $a http://catalogue.bnf.fr/ark:/12148/cb12051826m
035    $a FRBNF120518268
039    $o OPL $a 003571965
100    $a 19840420afrey50      ba0
101    $a fre
102    $a XX
105    $a a
106    $a 1  
200    $7 ba0yba0y $8 fre    $9  0  $a Altdorf $b Romana
300 0  $a Traduit de l'allemand en français
801    $a FR $b FR-751131015 $c 19911127
810    $a Gaspard Hauser ou La paresse du coeur / Jakob Wassermann ; trad. de l'allemand par Romana Altdorf, 1991
999    $a FRBNF120518268 $b 12051826
152    $b NP

