02658cx  a2200517   4500
001 7373
003 http://catalogue.bnf.fr/ark:/12148/cb119765364
005 20240519020047.0
033    $a http://catalogue.bnf.fr/ark:/12148/cb119765364
035    $a FRBNF119765360
039    $o OPL $a 002131895
100    $a 19850702afrey50      ba0
106    $a 200
152    $b SNG $c 2
159    $a rameau
215    $7 ba0yba0y $8 fre    $9     $a Asie
305 1  $a Voir aussi la subdivision Et l'Asie [sans subd. géogr.] aux collectivités et aux personnes
515    $5 h $3 11935913 $7 ba0yba0y $8 fre    $9     $a Asie centrale
515    $5 h $3 11952803 $7 ba0yba0y $8 fre    $9     $a Asie du Nord
515    $5 h $3 11942403 $7 ba0yba0y $8 fre    $9     $a Asie du Sud
515    $5 h $3 11952802 $7 ba0yba0y $8 fre    $9     $a Asie orientale
515    $5 h $3 11941591 $7 ba0yba0y $8 fre    $9     $a Moyen-Orient
550    $5 z $0 Voir aussi $3 13319350 $7 ba0yba0y $8 fre    $9     $a Asiatiques
550    $5 z $0 Voir aussi $3 11982471 $7 ba0yba0y $8 fre    $9     $a Civilisation $y Asie
550    $5 z $0 Voir aussi $3 12008925 $7 ba0yba0y $8 fre    $9     $a Conditions économiques $y Asie
550    $5 z $0 Voir aussi $3 11947548 $7 ba0yba0y $8 fre    $9     $a Études asiatiques
550    $5 z $0 Voir aussi $3 11956836 $7 ba0yba0y $8 fre    $9     $a Asie $x Histoire
550    $5 z $0 Voir aussi $3 11982148 $7 ba0yba0y $8 fre    $9     $a Langues $y Asie
550    $5 z $0 Voir aussi $3 12203128 $7 ba0yba0y $8 fre    $9     $a Politique et gouvernement $y Asie
550    $5 z $0 Voir aussi $3 12069411 $7 ba0yba0y $8 fre    $9     $a Relations extérieures $y Asie
550    $5 z $0 Voir aussi $3 12048090 $7 ba0yba0y $8 fre    $9     $a Coopération asiatique
550    $5 z $0 Voir aussi $3 12294741 $7 ba0yba0y $8 fre    $9     $a Et l'Asie
550    $5 z $0 Voir aussi $3 11975539 $7 ba0yba0y $8 fre    $9     $a Orient
550    $5 h $3 11935913 $7 ba0yba0y $8 fre    $9     $a Asie centrale
550    $5 h $3 11952803 $7 ba0yba0y $8 fre    $9     $a Asie du Nord
550    $5 h $3 11942403 $7 ba0yba0y $8 fre    $9     $a Asie du Sud
550    $5 h $3 11952802 $7 ba0yba0y $8 fre    $9     $a Asie orientale
550    $5 h $3 11941591 $7 ba0yba0y $8 fre    $9     $a Moyen-Orient
550    $5 g $3 16662806 $7 ba0yba0y $8 fre    $9     $a Hémisphère oriental
550    $5 g $3 11956729 $7 ba0yba0y $8 fre    $9     $a Eurasie
686    $a 915 $2 Note de regroupement par domaine
801    $a FR $b FR-751131015 $c 20110923
810    $a Grand Larousse universel $a Robert encyclopédique des noms propres 2008 $a Encycl. universalis - http://www.universalis-edu.com (2011-09-23)
822 12 $a Asia $2 LCSH $u http://id.loc.gov/authorities/subjects/sh85008606 $d 2017-02-09
856    $u http://www.universalis-edu.com $e 2011-09-23
999    $a FRBNF119765360 $b 11976536

