01278cx  a2200313   4500
001 7526
003 http://catalogue.bnf.fr/ark:/12148/cb13342272t
005 20240518021851.0
010    $a 000000013298492X $2 ISNI $d 20160215
033    $a http://catalogue.bnf.fr/ark:/12148/cb13342272t
035    $a FRBNF133422729
039    $o OPL $a 01405573X
039    $o OPP $a 14023247 $d 20070312
100    $a 19980923afrey50      ba0
101    $a fre
102    $a FR
103    $a  19500329           
105    $a a $a i
106    $a 010
120    $a b
200    $7 ba0yba0y $8 fre    $9  0  $a Pouchain $b Philippe $f 1950-....
300    $a Journaliste. - Réalisateur et acteur. - Mime
801    $a FR $b FR-751131015 $c 20220316
810    $a La seule certitude que j'ai, c'est d'être dans le doute / Pierre Desproges ; entretien avec Yves Riou et Philippe Pouchain, 1998
810    $a Yves Riou et Philippe Pouchain - http://riou-et-pouchain.jimdo.com (2014-03-17) $a Wikipedia - http://fr.wikipedia.org/wiki/Philippe_Pouchain (2014-03-17)
810    $a Philippe Pouchain [Document d'archives] : dossier biographique, 1974
856    $u http://riou-et-pouchain.jimdo.com/ $e 2014-03-17 $u http://fr.wikipedia.org/wiki/Philippe_Pouchain $e 2014-03-17
999    $a FRBNF133422729 $b 13342272
152    $b NP

