01664cx  a2200349   4500
001 7681
003 http://catalogue.bnf.fr/ark:/12148/cb11975806s
005 20240519044338.0
033    $a http://catalogue.bnf.fr/ark:/12148/cb11975806s
035    $a FRBNF119758063
039    $o OPL $a 00212075X
100    $a 19850702afrey50      ba0
106    $a 221
152    $b SNC $c 2
159    $a rameau
250    $7 ba0yba0y $8 fre    $9     $a Pensée politique et sociale
330    $a S'emploie uniquement en subdivision aux catégories de personnes et aux personnes, par ex. : Artistes -- France -- Pensée politique et sociale ; Hugo, Victor (1802-1885) -- Pensée politique et sociale
330    $a Ne pas employer au nom d'une personne pour traiter un document dont elle est l'auteur
330    $a Ne pas employer aux philosophes
450    $7 ba0yba0y $8 fre    $9     $a Et la politique
450    $7 ba0yba0y $8 fre    $9     $a Et le pouvoir
450    $7 ba0yba0y $8 fre    $9     $a Pensée sociale
450    $7 ba0yba0y $8 fre    $9     $a Politique
550    $5 z $0 Voir aussi $3 11934231 $7 ba0yba0y $8 fre    $9     $a Idées politiques
550    $5 z $0 Voir aussi $3 13318382 $7 ba0yba0y $8 fre    $9     $a Sciences sociales
686    $a 300 $c Sciences sociales $2 Note de regroupement par domaine
686    $a 320 $c Sciences politiques $2 Note de regroupement par domaine
801    $a FR $b FR-751131015 $c 20210921
810    $a La pensée politique et sociale de Freud / P. Roazen, 1976
822 12 $a Political and social views $2 LCSH $u http://id.loc.gov/authorities/subjects/sh2002011435 $d 2021-07-04
822 12 $a Pensée politique et sociale $2 RVMLaval $d 2021-07-04
999    $a FRBNF119758063 $b 11975806

