01154cx  a2200301   4500
001 7830
003 http://catalogue.bnf.fr/ark:/12148/cb122287242
005 20240510075625.0
010    $a 0000000046590692 $2 VIAF $d 20130725
033    $a http://catalogue.bnf.fr/ark:/12148/cb122287242
035    $a FRBNF122287244
039    $o OPL $a 007891076 $z APP
039    $o OPL $a 014056621 $z AMA
039    $o OPP $a 13329384 $d 20190510
039    $o OPP $a 14081200 $d 20190510
100    $a 19911213afrey50      ba0
101    $a fre
102    $a FR
103    $a  1961               
105    $a a $a c $a p
106    $a 010
120    $a b
200    $7 ba0yba0y $8 fre    $9  0  $a Bordas $b Philippe $f 1961-....
300    $a Photographe. - Écrivain
801    $a FR $b FR-751131015 $c 20190510
810    $a 79e Tour de France / texte Pierre Chany ; légendes Philippe Bordas, 1992 $a La légende de Domin et Zézê / Frédéric Bruly Bouabré ; photogr. de Philippe Bordas, 1994 $a Philippe Bordas [Multimédia multisupport] : un photographe à poings nus / Philippe Bordas, participant. les Éditions de l'œil : POM Films, DL 2013
999    $a FRBNF122287244 $b 12228724
152    $b NP

