01081cx  a2200277   4500
001 7963
003 http://catalogue.bnf.fr/ark:/12148/cb139623162
005 20240519020327.0
010    $a 0000000115978755 $2 VIAF $d 20130731
033    $a http://catalogue.bnf.fr/ark:/12148/cb139623162
035    $a FRBNF139623169
100    $a 19940304afrey50      ba0
102    $a AR
103    $a  19501115           
105    $a i $a p
106    $a 1  
120    $a b
152    $c 2 $b NP
200    $7 ba0yba0y $8 fre    $9  0  $a Garrido $b Gabriel $f 1950-....
300 0  $a Chef d'orchestre et musicologue. - Fondateur de l'Ensemble Elyma
510    $5 xxxz $0 Dirige :  $3 13962312 $7 ba0yba0y $8 fre    $9 20  $a Elyma
801    $a FR $b FR-751131015 $c 20121115
810    $a Concert classique [Enregistrement sonore] / Juan de Araujo, Domenico Zipoli, Tomas de Torrejón y Velasco, Diego José de Salazar, comp. ; Gabriel Garrido, dir. RFI musique 93MCC05
810    $a LC authorities - http://authorities.loc.gov (2009-01-20)
856    $u http://authorities.loc.gov $e 2009-01-20
999    $a FRBNF139623169 $b 13962316

