02498cx  a2200469   4500
001 8090
003 http://catalogue.bnf.fr/ark:/12148/cb12116696s
005 20240512023452.0
010    $a 0000000110706646 $2 ISNI $d 20150313
033    $a http://catalogue.bnf.fr/ark:/12148/cb12116696s
035    $a FRBNF121166962
039    $o OPL $a 00461544X
100    $a 19890620afrey50      ba0
101    $a yid
102    $a PL
103    $a  1898      19441010 
105    $a a
106    $a 010
120    $a b
152    $c 2 $b NP
200    $7 ba0yba0e $8 fre    $9  1  $a Warszawski $b Oser $f 1898-1944
300    $a A écrit aussi en français
300    $a Écrivain, critique d'art. - Peintre
301    $a Sochaczew (Pologne) $b Camp de concentration d'Auschwitz-Birkenau (Pologne)
302    $a A émigré à Paris en 1924
400    $7 ba0yba0e $8 fre    $9     $a Warshawski $b Ozer $f 1898-1944
400    $7 ba0yba0e $8 fre    $9     $a Warshawski $b Oyzer $f 1898-1944
400    $7 ba0yba0e $8 fre    $9     $a Varshavski $b Ozer $f 1898-1944
400    $7 ba0yba0y $8 frepol $9     $a Warszawski $b Ojzer $f 1898-1944
400    $7 ba0yba0a $8 freheb $9     $a Waršabsqiy $b ʿWzer $f 1898-1944
400    $7 ba0yha0y $8 freheb $9     $a ורשבסקי $b עוזר $f 1898-1944
400    $7 ba0yba0a $8 freheb $9     $a Waršwsqiy $b ʿWzer $f 1898-1944
400    $7 ba0yha0y $8 freheb $9     $a ורשוסקי $b עוזר $f 1898-1944
686    $a 800 $c Histoire et critique littéraires $2 Note de regroupement par domaine
700    $7 ba0yba0f $8 freyid $9  0  $a Waršawsqi $b ʿWzer $f 1898-1944
700    $7 ba0yha0y $8 freyid $9  0  $a ווארשאווסקי $b עוזר $f 1898-1944
801    $a FR $b FR-751131015 $c 20220507
810    $a Les contrebandiers : roman / Oser Warszawski ; trad. du yiddish par Aby Wieviorka et Henri Raczymow, 1989
810    $a Biblioteka narodowa : Warszawski, Ojzer - http://www.bn.org.pl (2013-03-13) $a National library of Israel : Waršabsqiy, ʿWzer (caractères hébreux ici translittérés selon la norme ISO 259.2, 1995) - http://web.nli.org.il (2013-03-13) $a LC Authorities - http://authorities.loc.gov (2002-10-10) $a YIVO encyclopedia of Jews in Eastern Europe : Varshavski, Oyzer - http://www.yivoencyclopedia.org (2013-03-13) $a Leqsiqon fun der nayer yidišer literatur, cop. 1960
810    $a BnF Service hébreu, 2013-03-13
856    $u http://www.bn.org.pl $e 2013-03-13 $u http://web.nli.org.il $e 2013-03-13 $u http://authorities.loc.gov $e 2002-10-10 $u http://www.yivoencyclopedia.org $e 2013-03-13
999    $a FRBNF121166962 $b 12116696

