01609cx  a2200385   4500
001 8214
003 http://catalogue.bnf.fr/ark:/12148/cb11901697z
005 20240516065818.0
010    $a 0000000063034081 $2 VIAF $d 20130724
033    $a http://catalogue.bnf.fr/ark:/12148/cb11901697z
035    $a FRBNF119016973
039    $o OPL $a 000736340
039    $o OPP $a 10268986 $d 20190110
039    $o OPP $a 11456938 $d 20190110
039    $o OPP $a 14857959 $d 20190110
039    $o OPP $a 15461342 $d 20190110
039    $o OPP $a 10895698 $d 20190110
100    $a 19750410afrey50      ba0
101    $a fre
102    $a BE
103    $a  1913      1975     
105    $a a
106    $a 1  
120    $a b
152    $c 2 $b NP
200    $7 ba0yba0y $8 fre    $9  0  $a Elsen $b Claude $f 1913-1975
300 0  $a Pseudonyme après la guerre de Gaston Derycke
300 0  $a Traduit de l'anglais en français
500    $5 z $0 Voir le nom réel $3 12670429 $7 ba0yba0y $8 fre    $9  0  $a Derycke $b Gaston $f 1913-1975
801    $a FR $b FR-751131015 $c 20190110
810    $a Chambre noire / J. H. Chase ; trad. par C. Elsen, 1988
810    $a Aux sources de la droite : pour en finir avec les clichés, p. 27-28 - https://books.google.fr/books?isbn=2825113689 (2019-01-07) $a Michel Volkovitch : Traducteur de légende (Carnet du traducteur) - http://volkovitch.com/rub_carnet.asp?a=pe70 (2019-01-07)
810    $a BN Cat. gén. $a BN Cat. gén. suppl. $a BN Cat. gén. 1960-1969
856    $u https://books.google.fr/books?isbn=2825113689 $e 2019-01-07 $u http://volkovitch.com/rub_carnet.asp?a=pe70 $e 2019-01-07
999    $a FRBNF119016973 $b 11901697

