01182cx  a2200313   4500
001 8353
003 http://catalogue.bnf.fr/ark:/12148/cb13894381f
005 20240515060721.0
010    $a 000000011019808X $2 VIAF $d 20130731
033    $a http://catalogue.bnf.fr/ark:/12148/cb13894381f
035    $a FRBNF138943814
039    $o OPL $a 009526998 $z AMA
039    $o OPP $a 14982328 $d 20071031
039    $o OPP $a 16356570 $d 20160429
100    $a 19890601afrey50      ba0
101    $a ita
102    $a IT
103    $a  16871205? 17620917 
105    $a a
106    $a 010
120    $a b
152    $c 2 $b NP
200    $7 ba0yba0y $8 fre    $9  0  $a Geminiani $b Francesco $f 1687-1762
300    $a Compositeur et violoniste. - Théoricien de la musique. - Élève de Arcangelo Corelli (1653-1713). - Actif à Londres. - Prénoms complets : Francesco, Xaverio
301    $b Dublin
801    $a FR $b FR-751131015 $c 20160429
810    $a Concerti italiens baroques [Enregistrement sonore] / Pietro Locatelli, Antonio Vivaldi, Francesco Geminiani, Tommaso Albinoni, CBS 61572
810    $a Grove 6 $a Francesco Geminiani : 1687-1762 / Enrico Careri, 1993 $a Honegger
999    $a FRBNF138943814 $b 13894381

