01306cx  a2200277   4500
001 8503
003 http://catalogue.bnf.fr/ark:/12148/cb122139246
005 20240512071717.0
010    $a 0000000055104967 $2 VIAF $d 20130725
033    $a http://catalogue.bnf.fr/ark:/12148/cb122139246
035    $a FRBNF122139249
039    $o OPL $a 007637156
039    $o OPP $a 14048922 $d 20111227
100    $a 19910729afrey50      ba0
101    $a fre $t ita
102    $a FR
103    $a  1947               
105    $a a
106    $a 1  
120    $a b
200    $7 ba0yba0y $8 fre    $9  0  $a Salvy $b Gérard-Julien $f 1947-....
300 0  $a Ancien élève de l'Institut d'études politiques de Paris et titulaire d'un doctorat en Esthétique. - Créateur de la revue "L'Energumène" et des "Cahiers de l'Energumène". - Éditeur (en 1994)
801    $a FR $b FR-751131015 $c 20111227
810    $a Bernard Berenson / Meryle Secrest ; préf. de Gérard-Julien Salvy, 1991 $a Giulio Romano : une manière extravagante et moderne / Gérard-Julien Salvy, 1994 $a Titien / John Pope-Hennessy ; notices et chronologie par Stefano Zuffi ; trad. de l'anglais par Jeanne Bouniort et de l'italien par Gérard-Julien Salvy, 2004 $a Cent énigmes de la peinture / Gérard-Julien Salvy, DL 2009
999    $a FRBNF122139249 $b 12213924
152    $b NP

