01446cx  a2200349   4500
001 8660
003 http://catalogue.bnf.fr/ark:/12148/cb126776786
005 20240512031458.0
010    $a 0000000091541013 $2 ISNI $d 20170818
033    $a http://catalogue.bnf.fr/ark:/12148/cb126776786
035    $a FRBNF126776784
039    $o OPL $a 002983364 $z APP
039    $o OPL $a 001846576 $z AMA
100    $a 19840101afrey50      ba0
101    $a fre
102    $a FR
103    $a  19370415  20031229 
105    $a a $a i $a p
106    $a 010
120    $a b
200    $7 ba0yba0y $8 fre    $9  0  $a Pommereulle $b Daniel $f 1937-2003
300    $a Artiste plasticien. - Poète et scénariste. - A travaillé en France et à l'étranger
301    $a Sceaux (Hauts-de-Seine) $b Paris (France)
400    $7 ba0yba0y $8 fre    $9     $a Dupommereulle $b Daniel $f 1937-2003
686    $a 700 $c Arts $2 Note de regroupement par domaine
801    $a FR $b FR-751131015 $c 20120801
810    $a Antique observatoire / Gôzô Yoshimasu, Daniel Pommereulle ; trad. de Claude Mouchard et Masatsugu Ono, 2001 [texte français suivi de la trad. japonaise]
810    $a Libération, 2004-01-02 $a Bénézit, 1999 $a Delarge : patronyme révélé - http://www.ledelarge.fr (2012-07-16)
810    $a Daniel Pommereulle : [exposition, Paris... 2012] / texte, Olivier Kaeppelin, impr. 2012
856    $u http://www.ledelarge.fr/ $e 2012-07-16
999    $a FRBNF126776784 $b 12677678
152    $b NP

