02712cx  a2200337   4500
001 8796
003 http://catalogue.bnf.fr/ark:/12148/cb11920842d
005 20240513052634.0
010    $a 0000000108624633 $2 VIAF $d 20130724
033    $a http://catalogue.bnf.fr/ark:/12148/cb11920842d
035    $a FRBNF119208429
039    $o OPL $a 001254418
039    $o OPP $a 15482177 $d 20101105
039    $o OPP $a 11082465 $d 20101105
039    $o OPP $a 11507042 $d 20101105
039    $o OPP $a 14027638 $d 20101105
100    $a 19760924afrey50      ba0
101    $a fre
102    $a FR
103    $a  19260613  20180605 
105    $a a $a p
106    $a 1  
120    $a b
200    $7 ba0yba0y $8 fre    $9  0  $a Quemada $b Bernard $f 1926-2018
300 0  $a Chercheur et universitaire, linguiste et lexicographe. - Un des fondateurs de la linguistique appliquée en France. - Maître de conférences, puis professeur à l'Université de Besançon (1957-1969). - Professeur de linguistique française à l'Université de Paris 1 - Sorbonne (1969-1981), puis à l'Université de Paris 3. - Fondateur de nombreux centres de recherches nationaux, notamment du Centre d'Étude du Français Moderne et Contemporain, Besançon, Centre national de la recherche scientifique (1964) et de l'INaLF - Institut National de la Langue Française, CNRS-Nancy Universités (1977), devenu ATILF- Analyse et Traitement Informatique de la Langue Française (en 2001). - Directeur du Trésor de la Langue Française (1977-1994). - Directeur et fondateur des Cahiers de Lexicologie (depuis 1959). - Directeur d'Études à l'École pratique des Hautes études, Paris (1975-1995). - Vice-président du Conseil supérieur de la langue française (1989-1999)
801    $a FR $b FR-751131015 $c 20180607
810    $a Les dictionnaires du français moderne, 1539-1863 : étude sur leur histoire, leurs types et leurs méthodes / Bernard Quemada, [1967] $a Datations et documents lexicographiques : matériaux pour l'histoire du vocabulaire français / publ. par B. Quemada, 1970- $a Dictionnaire de l'Académie française (CD-ROM) / Quemada, Bernard, 1998
810    $a TerminoMetro, n°32, sept. 1999 / Union latine - rue du Bac, Paris - - http://www.terminometro.info/ancien/b32/fr/conseil_sup.htm (2010-11-05) $a WW, France 1988-1989 $a Le Monde, 1989-06-18/19 $a Université de Cergy-Pontoise, Val-d'Oise - Musée virtuel des dictionnaires - http://www.u-cergy.fr/dictionnaires/auteurs/quemada.html (2010-11-05) $a Le Figaro (article nécrologique), 2018-06-07
856    $u http://www.terminometro.info/ancien/b32/fr/conseil_sup.htm $e 2010-11-05 $u http://www.u-cergy.fr/dictionnaires/auteurs/quemada.html $e 2010-11-05
999    $a FRBNF119208429 $b 11920842
152    $b NP

