01540cx  a2200313   4500
001 8941
003 http://catalogue.bnf.fr/ark:/12148/cb13894129s
005 20240519051441.0
010    $a 0000000114476112 $2 VIAF $d 20130731
033    $a http://catalogue.bnf.fr/ark:/12148/cb13894129s
035    $a FRBNF138941293
039    $o OPP $a 14822763 $d 20060404
100    $a 19890601afrey50      ba0
101    $a eng
102    $a US
103    $a  19420325  20180816 
105    $a a $a i $a p
106    $a 010
120    $a a
152    $c 2 $b NP
200    $7 ba0yba0y $8 fre    $9  0  $a Franklin $b Aretha $f 1942-2018
300    $a Chanteuse de soul music et de rhythm and blues. - Pianiste et compositrice. - Prénoms complets : Aretha, Louise
301    $a Memphis (Tennesse, États-Unis) $b Detroit (Michigan, États-Unis)
801    $a FR $b FR-751131015 $c 20210330
810    $a Young, gifted and black [Enregistrement sonore] / Aretha Franklin, chant. Atlantic 40323
810    $a LC authorities - https://lccn.loc.gov/n84028907 (2018-08-17) $a Aretha Franklin / Sebastian Danchin, impr. 2005 (2011-04-13) $a Discogs - https://www.discogs.com/fr/artist/38863-Aretha-Franklin (2018-08-17) $a New York Times (article nécrologique), 2018-08-16 $a Le Figaro (article nécrologique), 2018-08-17 $a Le Monde (article nécrologique), 2018-08-18
856    $u http://arethafranklin.net/ $e 2018-08-17
856    $u https://lccn.loc.gov/n84028907 $e 2018-08-17 $e 2011-04-13 $u https://www.discogs.com/fr/artist/38863-Aretha-Franklin $e 2018-08-17
999    $a FRBNF138941293 $b 13894129

