00798cx  a2200253   4500
001 9069
003 http://catalogue.bnf.fr/ark:/12148/cb14182685w
005 20240518071419.0
010    $a 0000000010108120 $2 ISNI $d 20210707
033    $a http://catalogue.bnf.fr/ark:/12148/cb14182685w
035    $a FRBNF14182685X
100    $a 20030310afrey50      ba0
102    $a FR
103    $a  19..               
105    $a i $c e $d g
106    $a 010
120    $a b
200    $7 ba0yba0y $8 fre    $9  0  $a Goun
300    $a Auteur, compositeur, interprète
300    $a Pseudonyme de Patrick Largounez
801    $a FR $b FR-751131015 $c 20210630
810    $a Les aventures de Gentil l'espiègle [Enregistrement sonore] / Goun,  chant [acc. voc. et instr.]. MOM/01
999    $a FRBNF14182685X $b 14182685
152    $b NP

