00945cx  a2200277   4500
001 9214
003 http://catalogue.bnf.fr/ark:/12148/cb139216353
005 20240506042449.0
010    $a 0000000079973892 $2 ISNI $d 20170818
033    $a http://catalogue.bnf.fr/ark:/12148/cb139216353
035    $a FRBNF139216351
100    $a 19891020afrey50      ba0
102    $a US
103    $a  19131207  19851012 
105    $a i
106    $a 1  
120    $a b
152    $c 2 $b NP
200    $7 ba0yba0y $8 fre    $9  0  $a Davis $b Blind John $f 1913-1985
300 0  $a Pianiste et chanteur de blues
301    $a Hattiesburg (Miss.) $b Chicago
400    $7 ba0yba0y $8 fre    $9     $a Davis $b John Henry $f 1913-1985
400    $7 ba0yba0y $8 fre    $9     $a Davis $b John $f 1913-1985
801    $a FR $b FR-751131015 $c 20120220
810    $a Dictionnaire du blues / Jean-Claude Arnaudon, 1977 $a AMG (http://allmusic.com/), 2000-05-23 $a Blues WW, 1979
999    $a FRBNF139216351 $b 13921635

