01089cx  a2200277   4500
001 9481
003 http://catalogue.bnf.fr/ark:/12148/cb16772880t
005 20240508040142.0
010    $a 0000000428508244 $2 ISNI $d 20150313
033    $a http://catalogue.bnf.fr/ark:/12148/cb16772880t
035    $a FRBNF167728800
100    $a 20140630afrey50      ba0
102    $a ZZ $a SO $a US
103    $a  19850410           
105    $a i
106    $a 1  
120    $a b
152    $c 2 $b NP
200    $7 ba0yba0y $8 fre    $9  0  $a Abdi $b Barkhad $f 1985-....
300 0  $a Acteur
400    $7 ba0yba0y $8 fre    $9     $a Barkhad $b Abdi $f 1985-....
801    $a FR $b FR-751131015 $c 20140901
810    $a Capitaine Phillips [Images animées] / Paul Greengrass, réal. ; Barkhad Abdi, act. Sony pictures home entertainment, 2014
810    $a IMDB - http://www.imdb.com/name/nm5831542 (2014-06-30) $a Wikipedia - http://fr.wikipedia.org/wiki/Barkhad_Abdi (2014-09-01)
856    $u http://www.imdb.com/name/nm5831542/ $e 2014-06-30 $u http://fr.wikipedia.org/wiki/Barkhad_Abdi $e 2014-09-01
999    $a FRBNF167728800 $b 16772880

