02638cx  a2200457   4500
001 9608
003 http://catalogue.bnf.fr/ark:/12148/cb11934407z
005 20240514063536.0
033    $a http://catalogue.bnf.fr/ark:/12148/cb11934407z
035    $a FRBNF11934407X
039    $o OPL $a 001557276
100    $a 19810212afrey50      ba0
106    $a 211
152    $b SNC $c 2
159    $a rameau
250    $7 ba0yba0y $8 fre    $9     $a Maghrébins
330    $a Sous cette vedette, obligatoirement suivie d'une subdivision géographique ou de la subdivision : À l'étranger, directement ou après une subdivision de sujet, on trouve les documents sur les Maghrébins hors d'Afrique du Nord. Les documents sur les Maghrébins en Afrique du Nord se trouvent sous des vedettes-matière telles que : Afrique du Nord -- Moeurs et coutumes ; etc.
450    $7 ba0yba0y $8 fre    $9     $a Nord-Africains
550    $5 z $0 Voir aussi $3 11930846 $7 ba0yba0y $8 fre    $9     $a Afrique du Nord
550    $5 z $0 Voir aussi $3 11965850 $7 ba0yba0y $8 fre    $9     $a Arabes
550    $5 z $0 Voir aussi $3 12297897 $7 ba0yba0y $8 fre    $9     $a Auteurs d'origine maghrébine
550    $5 z $0 Voir aussi $3 16135184 $7 ba0yba0y $8 fre    $9     $a Belges d'origine maghrébine
550    $5 z $0 Voir aussi $3 13318623 $7 ba0yba0y $8 fre    $9     $a Berbères
550    $5 z $0 Voir aussi $3 13319034 $7 ba0yba0y $8 fre    $9     $a Français d'origine maghrébine
550    $5 h $3 18096113 $7 ba0yba0y $8 fre    $9     $a Commerçants maghrébins
550    $5 h $3 13622140 $7 ba0yba0y $8 fre    $9     $a Diplômés de l'enseignement supérieur maghrébins
550    $5 h $3 11969451 $7 ba0yba0y $8 fre    $9     $a Écrivains maghrébins de langue française
550    $5 h $3 13618137 $7 ba0yba0y $8 fre    $9     $a Étudiants maghrébins
550    $5 h $3 12448607 $7 ba0yba0y $8 fre    $9     $a Familles maghrébines
550    $5 h $3 11954211 $7 ba0yba0y $8 fre    $9     $a Juifs maghrébins
550    $5 h $3 12098561 $7 ba0yba0y $8 fre    $9     $a Maghrébines
550    $5 h $3 12550616 $7 ba0yba0y $8 fre    $9     $a Militaires maghrébins
550    $5 h $3 17161489 $7 ba0yba0y $8 fre    $9     $a Musiciens maghrébins
550    $5 h $3 12309429 $7 ba0yba0y $8 fre    $9     $a Travailleurs étrangers maghrébins
550    $5 g $3 11979910 $7 ba0yba0y $8 fre    $9     $a Ethnologie $y Afrique du Nord
686    $a 390 $c Ethnologie, anthropologie, folklore $2 Note de regroupement par domaine
801    $a FR $b FR-751131015 $c 20171108
810    $a Grand Larousse universel $a Petit Robert 1, 1993
822 12 $a North Africans $2 LCSH $u http://id.loc.gov/authorities/subjects/sh85092454 $d 2017-02-09
822 12 $a Maghrébins $2 RVMLaval $d 2017-11-08
999    $a FRBNF11934407X $b 11934407

