01127cx  a2200277   4500
001 9732
003 http://catalogue.bnf.fr/ark:/12148/cb12710565t
005 20240513042513.0
010    $a 0000000084638896 $2 VIAF $d 20131024
033    $a http://catalogue.bnf.fr/ark:/12148/cb12710565t
035    $a FRBNF12710565X
039    $o OPL $a 003727229
100    $a 19840420afrey50      ba0
101    $a fre
102    $a FR
103    $a  1926      20..     
105    $a a
106    $a 1  
120    $a a
200    $7 ba0yba0y $8 fre    $9  0  $a Bood $b Micheline $f 1926-20..
801    $a FR $b FR-751131015 $c 20120621
810    $a Les Années doubles : journal d'une lycéenne sous l'Occupation / Micheline Bood , 1974
810    $a L'Étudiant : âgée de 14 ans en 1940 - http://www.letudiant.fr/boite-a-docs/document/seconde-guerre-mondiale-france-la-vie-quotidienne-sous-l-occupation-chansons-39-45-1834.html (2012-06-21)
856    $u http://www.letudiant.fr/boite-a-docs/document/seconde-guerre-mondiale-france-la-vie-quotidienne-sous-l-occupation-chansons-39-45-1834.html $e 2012-06-21
999    $a FRBNF12710565X $b 12710565
152    $b NP

