00717cx  a2200253   4500
001 9864
003 http://catalogue.bnf.fr/ark:/12148/cb129428475
005 20240513042542.0
010    $a 0000000035886914 $2 VIAF $d 20130730
033    $a http://catalogue.bnf.fr/ark:/12148/cb129428475
035    $a FRBNF129428473
039    $o OPL $a 008902718
100    $a 19930423afrey50      ba0
101    $a fre
102    $a FR
103    $a  19..               
105    $a a
106    $a 1  
120    $a b
200    $7 ba0yba0y $8 fre    $9  0  $a Alizet $b Jean-Claude
801    $a FR $b FR-751131015 $c 20060705
810    $a L'année de la fiction. 2003-2004 / Jean-Claude Alizet, 2006
999    $a FRBNF129428473 $b 12942847
152    $b NP

