01006cx  a2200277   4500
001 9994
003 http://catalogue.bnf.fr/ark:/12148/cb119328601
005 20240513053148.0
033    $a http://catalogue.bnf.fr/ark:/12148/cb119328601
035    $a FRBNF11932860X
039    $o OPL $a 00153854X
100    $a 19810212afrey50      ba0
101    $a und
102    $a XX
106    $a 210
152    $b TU $c 2
159    $a rameau
230    $7 ba0yba0y $8 fre    $9     $a La Nouvelle revue française $n périodique
300 1  $a Revue littéraire créée en 1909, intitulée La Nouvelle nouvelle revue française entre 1953 et 1959
430    $7 ba0yba0y $8 fre    $9     $a NRF
430    $7 ba0yba0y $8 fre    $9     $a La Nouvelle nouvelle revue française $n périodique
510    $5 z $3 13566248 $7 ba0yba0y $8 fre    $9 20  $a Nouvelle revue française
686    $a 020 $c Sciences de l'information $2 Note de regroupement par domaine
801    $a FR $b FR-751131015 $c 19880226
810    $a Beaumarchais
999    $a FRBNF11932860X $b 11932860

