00702cx  a2200241   4500
001 10128
003 http://catalogue.bnf.fr/ark:/12148/cb11900528m
005 20240515070848.0
010    $a 0000000110613263 $2 VIAF $d 20130724
033    $a http://catalogue.bnf.fr/ark:/12148/cb11900528m
035    $a FRBNF119005286
039    $o OPL $a 00070654X
100    $a 19780418afrey50      ba0
101    $a fre
102    $a FR
105    $a a
106    $a 010
200    $7 ba0yba0y $8 fre    $9  0  $a Dournon $b Jean-Yves
300    $a Lexicographe
801    $a FR $b FR-751131015 $c 20131002
810    $a Le dictionnaire des difficultés du français / Jean-Yves Dournon, 1996
999    $a FRBNF119005286 $b 11900528
152    $b NP

