00798cx  a2200265   4500
001 10268
003 http://catalogue.bnf.fr/ark:/12148/cb13072866n
005 20240506023826.0
010    $a 0000000007843888 $2 VIAF $d 20130730
033    $a http://catalogue.bnf.fr/ark:/12148/cb13072866n
035    $a FRBNF130728667
039    $o OPL $a 012494425
100    $a 19960416afrey50      ba0
101    $a fre
102    $a FR
103    $a  19..               
105    $a a
106    $a 1  
120    $a a
200    $7 ba0yba0y $8 fre    $9  0  $a Lulin $b Sylvia
300 0  $a Auteur et illustratrice d'ouvrages pour la jeunesse
801    $a FR $b FR-751131015 $c 20040719
810    $a À la recherche du chat perché / ill. de Sylvia Lulin ; texte de Siloé, 2003
999    $a FRBNF130728667 $b 13072866
152    $b NP

