01256cx  a2200313   4500
001 10402
003 http://catalogue.bnf.fr/ark:/12148/cb11935836w
005 20240514065525.0
033    $a http://catalogue.bnf.fr/ark:/12148/cb11935836w
035    $a FRBNF119358368
039    $o OPL $a 001574642
100    $a 19820209afrey50      ba0
106    $a 211
152    $b SNC $c 2
159    $a rameau
250    $7 ba0yba0y $8 fre    $9     $a Jouets en bois
450    $7 ba0yba0y $8 fre    $9     $a Bois, Jouets en
450    $7 ba0yba0y $8 fre    $9     $a Bois peint, Jouets en
450    $7 ba0yba0y $8 fre    $9     $a Jouets en bois peint
550    $5 h $3 15095177 $7 ba0yba0y $8 fre    $9     $a Chevaux de bois (jouets)
550    $5 h $3 16514040 $7 ba0yba0y $8 fre    $9     $a Kokeshi
550    $5 g $3 11932162 $7 ba0yba0y $8 fre    $9     $a Jouets
550    $5 g $3 11958005 $7 ba0yba0y $8 fre    $9     $a Objets en bois
686    $a 793 $c Jeux $2 Note de regroupement par domaine
801    $a FR $b FR-751131015 $c 20130920
810    $a Jouets en bois / S. Defradat, 2012 $a Vilac : 100 ans de jouets en bois / D. Charles, 2010
822 12 $a Jouets en bois $2 RVMLaval $d 2013-09-20
822 1  $a Wooden toys $2 LCSH $u http://id.loc.gov/authorities/subjects/sh85147943 $d 2017-02-09
999    $a FRBNF119358368 $b 11935836

