01079cx  a2200301   4500
001 10544
003 http://catalogue.bnf.fr/ark:/12148/cb12050680m
005 20240515051742.0
010    $a 0000000121393956 $2 VIAF $d 20131024
033    $a http://catalogue.bnf.fr/ark:/12148/cb12050680m
035    $a FRBNF120506807
039    $o OPL $a 003535022
100    $a 19840420afrey50      ba0
101    $a fre
102    $a FR
103    $a  19160424  20040615 
105    $a a
106    $a 1  
120    $a a
200    $7 ba0yba0y $8 fre    $9  0  $a Lecaye $b Olga $f 1916-2004
300 0  $a Illustratrice
301    $a Choisy-le-Roi
400    $7 ba0yba0y $8 fre    $9     $a Solotareff $b Olga $f 1916-2004
801    $a FR $b FR-751131015 $c 20040628
810    $a La famille Ours et la petite musique de nuit / Olga Lecaye, 1986 $a La maison claire / Michel Seuphor ; avec un hors-texte et six dessins de Olga Solotareff, 1946
810    $a Guide des illustrateurs du livre de jeunesse français / D. Dupont-Escarpit, C. Lapointe, 1988 $a Monde, 2004-06-27
999    $a FRBNF120506807 $b 12050680
152    $b NP

