00982cx  a2200277   4500
001 10667
003 http://catalogue.bnf.fr/ark:/12148/cb142357731
005 20240513043059.0
010    $a 0000000055196275 $2 VIAF $d 20130801
033    $a http://catalogue.bnf.fr/ark:/12148/cb142357731
035    $a FRBNF142357732
100    $a 20030310afrey50      ba0
102    $a AR
103    $a  19520509           
105    $a i
106    $a 1  
120    $a a
152    $c 2 $b NP
200    $7 ba0yba0y $8 fre    $9  0  $a Varela $b Adriana $f 1952-....
300 0  $a Chanteuse de tango
301    $a Buenos Aires
801    $a FR $b FR-751131015 $c 20140827
810    $a Passion [Enregistrement sonore] / Cristina Branco, Adriana Varela, Nava, chant... [et al.]. World Music Network RGNET  1081 CD
810    $a El Porvenir - http://www.elporvenir.com.mx/notas.asp?nota_id=215490 (20140827)
856    $u http://www.elporvenir.com.mx/notas.asp?nota_id=215490 $e 20140827
999    $a FRBNF142357732 $b 14235773

