05852cx  a2200949   4500
001 10797
003 http://catalogue.bnf.fr/ark:/12148/cb11947098x
005 20240513070003.0
033    $a http://catalogue.bnf.fr/ark:/12148/cb11947098x
035    $a FRBNF11947098X
039    $o OPL $a 001724782
100    $a 19820908afrey50      ba0
106    $a 211
152    $b SNC $c 2
159    $a rameau
250    $7 ba0yba0y $8 fre    $9     $a Aborigènes d'Australie
450    $7 ba0yba0y $8 fre    $9     $a Aborigènes australiens
450    $7 ba0yba0y $8 fre    $9     $a Australiens aborigènes
450    $7 ba0yba0y $8 fre    $9     $a Autochtones $y Australie
450    $7 ba0yba0y $8 fre    $9     $a Peuples aborigènes d'Australie
550    $5 z $0 Voir aussi $3 12234345 $7 ba0yba0y $8 fre    $9     $a Art aborigène d'Australie
550    $5 z $0 Voir aussi $3 12207009 $7 ba0yba0y $8 fre    $9     $a Auteurs aborigènes d'Australie
550    $5 z $0 Voir aussi $3 11987341 $7 ba0yba0y $8 fre    $9     $a Boomerangs
550    $5 z $0 Voir aussi $3 18111331 $7 ba0yba0y $8 fre    $9     $a Danse aborigène d'Australie
550    $5 z $0 Voir aussi $3 13511484 $7 ba0yba0y $8 fre    $9     $a Et les aborigènes d'Australie
550    $5 z $0 Voir aussi $3 12461693 $7 ba0yba0y $8 fre    $9     $a Insulaires du détroit de Torres
550    $5 z $0 Voir aussi $3 11963354 $7 ba0yba0y $8 fre    $9     $a Mythologie aborigène d'Australie
550    $5 z $0 Voir aussi $3 15093839 $7 ba0yba0y $8 fre    $9     $a Philosophie aborigène d'Australie
550    $5 z $0 Voir aussi $3 12494617 $7 ba0yba0y $8 fre    $9     $a Réserves aborigènes d'Australie
550    $5 h $3 12260067 $7 ba0yba0y $8 fre    $9     $a Aborigènes de Tasmanie
550    $5 h $3 13505289 $7 ba0yba0y $8 fre    $9     $a Adnyamathanha (peuple d'Australie)
550    $5 h $3 12370175 $7 ba0yba0y $8 fre    $9     $a Alyawarra (peuple d'Australie)
550    $5 h $3 18081274 $7 ba0yba0y $8 fre    $9     $a Arabana (peuple d'Australie)
550    $5 h $3 12320200 $7 ba0yba0y $8 fre    $9     $a Aranda (peuple d'Australie)
550    $5 h $3 13181495 $7 ba0yba0y $8 fre    $9     $a Artistes aborigènes d'Australie
550    $5 h $3 14530623 $7 ba0yba0y $8 fre    $9     $a Banggarla (peuple d'Australie)
550    $5 h $3 17943928 $7 ba0yba0y $8 fre    $9     $a Bardi (peuple d'Australie)
550    $5 h $3 18081297 $7 ba0yba0y $8 fre    $9     $a Birri-gubba (peuple d'Australie)
550    $5 h $3 17943916 $7 ba0yba0y $8 fre    $9     $a Bunuba (peuple d'Australie)
550    $5 h $3 12458922 $7 ba0yba0y $8 fre    $9     $a Burera (peuple d'Australie)
550    $5 h $3 12206949 $7 ba0yba0y $8 fre    $9     $a Dainggatti (peuple d'Australie)
550    $5 h $3 16568363 $7 ba0yba0y $8 fre    $9     $a Enfants aborigènes d'Australie
550    $5 h $3 12375490 $7 ba0yba0y $8 fre    $9     $a Femmes aborigènes d'Australie
550    $5 h $3 17080591 $7 ba0yba0y $8 fre    $9     $a Goemulgal (peuple d'Australie)
550    $5 h $3 16583854 $7 ba0yba0y $8 fre    $9     $a Gurindji (peuple d'Australie)
550    $5 h $3 12460772 $7 ba0yba0y $8 fre    $9     $a Kadjerong (peuple d'Australie)
550    $5 h $3 13533197 $7 ba0yba0y $8 fre    $9     $a Kamilaroi (peuple d'Australie)
550    $5 h $3 12271351 $7 ba0yba0y $8 fre    $9     $a Kariyarra (peuple d'Australie)
550    $5 h $3 13320892 $7 ba0yba0y $8 fre    $9     $a Kukatja (peuple d'Australie)
550    $5 h $3 11998329 $7 ba0yba0y $8 fre    $9     $a Kurnai (peuple d'Australie)
550    $5 h $3 13749602 $7 ba0yba0y $8 fre    $9     $a Mandjildjara (peuple d'Australie)
550    $5 h $3 17037942 $7 ba0yba0y $8 fre    $9     $a Mardu (peuple d'Australie)
550    $5 h $3 17943838 $7 ba0yba0y $8 fre    $9     $a Mirarr (peuple d'Australie)
550    $5 h $3 17080632 $7 ba0yba0y $8 fre    $9     $a Mualgal (peuple d'Australie)
550    $5 h $3 12473510 $7 ba0yba0y $8 fre    $9     $a Muruwari (peuple d'Australie)
550    $5 h $3 12450920 $7 ba0yba0y $8 fre    $9     $a Ngarrindjeri (peuple d'Australie)
550    $5 h $3 17943870 $7 ba0yba0y $8 fre    $9     $a Numurindi (peuple d'Australie)
550    $5 h $3 12260891 $7 ba0yba0y $8 fre    $9     $a Nunggubuyu (peuple d'Australie)
550    $5 h $3 12045606 $7 ba0yba0y $8 fre    $9     $a Nyungar (peuple d'Australie)
550    $5 h $3 12214775 $7 ba0yba0y $8 fre    $9     $a Pintupi (peuple d'Australie)
550    $5 h $3 12184222 $7 ba0yba0y $8 fre    $9     $a Pitjantjatjara (peuple d'Australie)
550    $5 h $3 17714167 $7 ba0yba0y $8 fre    $9     $a Prisonniers aborigènes d'Australie
550    $5 h $3 13571537 $7 ba0yba0y $8 fre    $9     $a Rembarunga (peuple d'Australie)
550    $5 h $3 12386068 $7 ba0yba0y $8 fre    $9     $a Tiwi (peuple d'Australie)
550    $5 h $3 12131802 $7 ba0yba0y $8 fre    $9     $a Warlpiri (peuple d'Australie)
550    $5 h $3 12145996 $7 ba0yba0y $8 fre    $9     $a Wiradjuri (peuple d'Australie)
550    $5 h $3 17704771 $7 ba0yba0y $8 fre    $9     $a Wurundjeri (peuple d'Australie)
550    $5 h $3 12456980 $7 ba0yba0y $8 fre    $9     $a Yankuntjatjara (peuple d'Australie)
550    $5 h $3 17896768 $7 ba0yba0y $8 fre    $9     $a Yanyuwa (peuple d'Australie)
550    $5 h $3 12463857 $7 ba0yba0y $8 fre    $9     $a Yir Yoront (peuple d'Australie)
550    $5 h $3 12068275 $7 ba0yba0y $8 fre    $9     $a Yolngu (peuple d'Australie)
550    $5 h $3 12295810 $7 ba0yba0y $8 fre    $9     $a Yungngora (peuple d'Australie)
550    $5 g $3 11979908 $7 ba0yba0y $8 fre    $9     $a Ethnologie $y Australie
580  0 $5 z $0 Voir aussi $3 14577034 $7 ba0yba0y $8 fre    $9     $a Légendes aborigènes d'Australie
580  0 $5 z $0 Voir aussi $3 15024184 $7 ba0yba0y $8 fre    $9     $a Musique aborigène d'Australie
686    $a 390 $c Ethnologie, anthropologie, folklore $2 Note de regroupement par domaine
801    $a FR $b FR-751131015 $c 20231030
810    $a Grand Larousse illustré
810    $a Dict. des peuples / J.-C. Tamisier, 1998 $a Les Aborigènes d'Australie / S. Muecke, A. Shoemaker, 2002
822 12 $a Aboriginal Australians $2 LCSH $u http://id.loc.gov/authorities/subjects/sh85009602 $d 2023-05-22
822 12 $a Australiens (Aborigènes) $2 RVMLaval $d 2023-05-22
999    $a FRBNF11947098X $b 11947098

