01287cx  a2200313   4500
001 10927
003 http://catalogue.bnf.fr/ark:/12148/cb12148658b
005 20240514021929.0
010    $a 0000000082032612 $2 VIAF $d 20130725
033    $a http://catalogue.bnf.fr/ark:/12148/cb12148658b
035    $a FRBNF121486581
039    $o OPL $a 005087315
039    $o OPP $a 14047413 $d 20110317
100    $a 19900525afrey50      ba0
101    $a fre
102    $a FR
103    $a  1962               
105    $a a
106    $a 1  
120    $a b
200    $7 ba0yba0y $8 fre    $9  0  $a Mension-Rigau $b Éric $f 1962-....
300 0  $a Docteur en histoire (EHESS Paris, 1993). - Professeur des universités. - Enseigne l'histoire sociale et culturelle de la France contemporaine à Paris 4-Sorbonne (en 2011)
400    $7 ba0yba0y $8 fre    $9     $a Rigau $b Éric Mension- $f 1962-....
801    $a FR $b FR-751131015 $c 20110317
810    $a L'enfance au château / É. Mension-Rigau, 1990 $a Baptême de Clovis, baptême de la France / Eric Mension-Rigau, 1996 $a Châteaux de famille / textes, Éric Mension-Rigau, DL 2011
810    $a Université Paris 4 - http://www.paris-sorbonne.fr (2011-03-17)
856    $u http://www.paris-sorbonne.fr/ $e 2011-03-17
999    $a FRBNF121486581 $b 12148658
152    $b NP

