01063cx  a2200253   4500
001 11061
003 http://catalogue.bnf.fr/ark:/12148/cb119009788
005 20240513044256.0
010    $a 0000000059206063 $2 VIAF $d 20130724
033    $a http://catalogue.bnf.fr/ark:/12148/cb119009788
035    $a FRBNF11900978X
039    $o OPL $a 000717614
100    $a 19780621afrey50      ba0
101    $a fre
102    $a FR
103    $a  19381004           
105    $a a
106    $a 1  
200    $7 ba0yba0y $8 fre    $9  0  $a Dufour $b Jean-Louis $f 1938-....
300 0  $a Ancien élève de Saint-Cyr, de l'École supérieure de guerre et de l'Institut des hautes études de défense nationale, diplômé de l'Institut d'études politiques de Paris. - Chargé d'enseignement à l'École des hautes études internationales, à l'Institut international d'administration publique et dans diverses écoles militaires (en 1990)
801    $a FR $b FR-751131015 $c 20020313
810    $a Les vraies guerres... / Jean-Louis Dufour, 1990
999    $a FRBNF11900978X $b 11900978
152    $b NP

