00712cx  a2200241   4500
001 11185
003 http://catalogue.bnf.fr/ark:/12148/cb11920768t
005 20240519022729.0
010    $a 0000000355898965 $2 VIAF $d 20130724
033    $a http://catalogue.bnf.fr/ark:/12148/cb11920768t
035    $a FRBNF11920768X
039    $o OPL $a 001252310
100    $a 19780125afrey50      ba0
101    $a fre
102    $a FR
105    $a a
106    $a 1  
200    $7 ba0yba0y $8 fre    $9  0  $a Pugi $b Jean-Pierre
300 0  $a Traduit de l'anglais en français
801    $a FR $b FR-751131015 $c 19880217
810    $a Chants des étoiles / N. Spinrad ; trad. par J.-P. Pugi, 1987
999    $a FRBNF11920768X $b 11920768
152    $b NP

