01077cx  a2200325   4500
001 11325
003 http://catalogue.bnf.fr/ark:/12148/cb16040192k
005 20240514072556.0
010    $a 0000000060347533 $2 VIAF $d 20130807
033    $a http://catalogue.bnf.fr/ark:/12148/cb16040192k
035    $a FRBNF160401924
100    $a 20090529afrey50      ba0
101    $a jpn
102    $a JP
103    $a  19..               
105    $a a
106    $a 1  
120    $a a
152    $c 2 $b NP
200    $7 ba0yba0f $8 fre    $9  0  $a Fukuzawa $b Yumiko
300 0  $a Auteur et illustratrice d'ouvrages pour la jeunesse
400    $7 ba0yba0f $8 frejpn $9     $a Fukuzawa Yumiko
400    $7 ba0yea0y $8 frejpn $9     $a 福澤 由美子
400    $7 ba0yba0y $8 fre    $9     $a Yumiko Fukuzawa
700    $7 ba0yea0y $8 frejpn $9  0  $a 福澤 $b 由美子
801    $a FR $b FR-751131015 $c 20150324
810    $a C'est pas gagné / Yumiko Fukuzawa, DL 2009
810    $a Web NDL Authorities, 2015 : sans date de naissance
810    $a BnF Service japonais, 2015-03-24
999    $a FRBNF160401924 $b 16040192

