00977cx  a2200313   4500
001 11449
003 http://catalogue.bnf.fr/ark:/12148/cb12522450v
005 20240516055144.0
010    $a 0000000114930741 $2 VIAF $d 20130729
033    $a http://catalogue.bnf.fr/ark:/12148/cb12522450v
035    $a FRBNF125224509
039    $o OPL $a 012664443 $z APP
039    $o OPL $a 014480431 $z AMA
100    $a 19960724afrey50      ba0
101    $a eng
102    $a US
103    $a  19640529           
105    $a a
106    $a 010
120    $a b
152    $c 2 $b NP
200    $7 ba0yba0y $8 fre    $9  0  $a Johnson $b Stephen $f 1964-....
300    $a Peintre et illustrateur
400    $7 ba0yba0y $8 fre    $9     $a Johnson $b Stephen T. $f 1964-....
686    $a 750 $c Peinture $2 Note de regroupement par domaine
801    $a FR $b FR-751131015 $c 20021113
810    $a Alphabetville / Stephen T. Johnson, 1996
810    $a LCNA (en ligne-Internet), 1999-07-23
999    $a FRBNF125224509 $b 12522450

