01095cx  a2200241   4500
001 11576
005 20160118135207.0
009 http://catalogue.bnf.fr/ark:/12148/cb12132438h
010    $a 0000000066435788
039    $o OPL $a 004841118
100    $a 19891207afrey50      ba0
101    $a fre
102    $a FR
103    $a  19531228           
105    $a a
106    $a 1  
120    $a b
152    $a AFNOR Z 44-061 $b NP
200    $7 ba0yba0y $8 fre    $9  0  $a Mercier $b Alain $f 1953-....
300 0  $a Responsable de la collection des dessins et des archives historiques du Musée des arts et métiers (en 2002). - Docteur ès lettres et sciences humaines, dix-septièmiste
801    $a FR $b FR-751131015 $c 20060302
810    $a L'Argent des révolutionnaires, exposition, Paris, 1989 / catalogue A. Mercier, 1989 $a La Littérature facétieuse sous Louis XIII : 1610-1643 : une bibliographie critique / Alain Mercier, 1991 $a Les trois révolutions du livre : catalogue de l'exposition du Musée des arts et métiers, 8 octobre 2002-5 janvier 2003 / sous la dir. de Alain Mercier, 2002
999    $a 12132438

