01519cx  a2200385   4500
001 11733
003 http://catalogue.bnf.fr/ark:/12148/cb13981473b
005 20240518055040.0
010    $a 0000000120963216 $2 VIAF $d 20130731
033    $a http://catalogue.bnf.fr/ark:/12148/cb13981473b
035    $a FRBNF139814733
039    $o OPL $a 002601277
039    $o OPP $a 12658239 $d 20110406
100    $a 19950925afrey50      ba0
101    $a fre
102    $a FR
103    $a  19580924           
105    $a a $a i $a p
106    $a 010
120    $a b
200    $7 ba0yba0y $8 fre    $9  0  $a Chabat $b Alain $f 1958-....
300    $a Acteur, réalisateur et scénariste
510    $5 xxxk $0 Membre de :  $3 13981468 $7 ba0yba0y $8 fre    $9 20  $a Les Nuls
510    $5 xxxk $0 Membre de :  $3 13907200 $7 ba0yba0y $8 fre    $9 20  $a TV boys
530    $5 z $0 Réalisateur de :  $3 17141600 $a Sur la piste du Marsupilami (film)
530    $5 z $0 Réalisateur de :  $3 16654368 $a Didier (film)
530    $5 z $0 Réalisateur de :  $3 16607632 $a Astérix et Obélix, mission Cléopâtre (film)
530    $5 z $0 Réalisateur de :  $3 14591064 $a RRRrrr !!! (film)
686    $a 791 $c Audiovisuel $2 Note de regroupement par domaine
801    $a FR $b FR-751131015 $c 20200804
810    $a (Didier [Multimédia multisupport] / Alain Chabat, réal., dial., scénario. Pathé 0418)
810    $a Ciné-Ressources - http://cineressources.bifi.fr (2011-04-06)
856    $u http://cineressources.bifi.fr $e 2011-04-06
999    $a FRBNF139814733 $b 13981473
152    $b NP

