00639cx  a2200205   4500
001 11866
003 http://catalogue.bnf.fr/ark:/12148/cb12145277s
005 20240518034918.0
033    $a http://catalogue.bnf.fr/ark:/12148/cb12145277s
035    $a FRBNF121452771
039    $o OPL $a 005032849
100    $a 19900424afrey50      ba0
106    $a 211
152    $b SNC $c 2
159    $a rameau
250    $7 ba0yba0y $8 fre    $9     $a Voyages autour du monde $z 20e siècle
510    $5 h $3 12500211 $7 ba0yba0y $8 fre    $9 20  $a Transglobe Expedition $f 1979-1982
801    $a FR $b FR-751131015 $c 19900510
815    $a LCSH, 1989-06
999    $a FRBNF121452771 $b 12145277

