00926cx  a2200253   4500
001 12126
003 http://catalogue.bnf.fr/ark:/12148/cb125394873
005 20240516055800.0
010    $a 0000000385636122 $2 VIAF $d 20130729
033    $a http://catalogue.bnf.fr/ark:/12148/cb125394873
035    $a FRBNF125394874
039    $o OPL $a 012895432
100    $a 19961029afrey50      ba0
101    $a eng
102    $a US
103    $a  1942               
105    $a a
106    $a 1  
152    $c 2 $b NP
200    $7 ba0yba0y $8 fre    $9  0  $a Birtwistle $b Graham $f 1942-....
801    $a FR $b FR-751131015 $c 19961119
810    $a Asger Jorn 1914-1973 : [tentoonstelling], Stedelijk museum Amsterdam, 8.10.1994 - 27.11.1994 / Stedelijk museum Amsterdam ; Troels Andersen, Graham Birtwistle, Johannes Gachnang, cop. 1994 [texte néerlandais et trad. anglaise sur 2 col.]
810    $a LCNA (CD), 1996-03
999    $a FRBNF125394874 $b 12539487

