00759cx  a2200265   4500
001 12262
003 http://catalogue.bnf.fr/ark:/12148/cb12718748q
005 20240519025301.0
010    $a 0000000026895800 $2 ISNI $d 20150312
033    $a http://catalogue.bnf.fr/ark:/12148/cb12718748q
035    $a FRBNF127187486
039    $o OPL $a 004238141
100    $a 19840420afrey50      ba0
101    $a fre
102    $a FR
103    $a  19..               
105    $a a
106    $a 1  
120    $a a
200    $7 ba0yba0y $8 fre    $9  0  $a Franey $b Lily
300 0  $a Photographe et réalisatrice (documentariste). - Romancière
801    $a FR $b FR-751131015 $c 20131218
810    $a Ligne 11 / Lily Franey, DL 2013
999    $a FRBNF127187486 $b 12718748
152    $b NP

