01160cx  a2200301   4500
001 12421
003 http://catalogue.bnf.fr/ark:/12148/cb139500872
005 20240518063517.0
010    $a 0000000117811262 $2 ISNI $d 20170818
033    $a http://catalogue.bnf.fr/ark:/12148/cb139500872
035    $a FRBNF139500871
100    $a 19921022afrey50      ba0
102    $a US
103    $a  19170412  19751217 
105    $a a $a i
106    $a 1  
120    $a b
152    $c 2 $b NP
200    $7 ba0yba0y $8 fre    $9  0  $a Taylor $b Hound Dog $f 1917-1975
300 0  $a Guitariste et chanteur de blues et rhythm and blues. - Membre du groupe Hound Dog Taylor and the House Rockers
301    $a Natchez, Miss. $b Chicago
400    $7 ba0yba0y $8 fre    $9     $a Taylor $b Theodore Roosevelt $f 1917-1975
510    $3 13904031 $a Hound Dog Taylor and the House Rockers $p 1970-1975
801    $a FR $b FR-751131015 $c 20120823
810    $a House rockin' boogie [Enregistrement sonore] / Hound Dog Taylor. JSP 1049
810    $a Blues Who's Who $a LC authorities - http://authorities.loc.gov (2012-08-23)
856    $u http://authorities.loc.gov $e 2012-08-23
999    $a FRBNF139500871 $b 13950087

