01956cx  a2200409   4500
001 12580
003 http://catalogue.bnf.fr/ark:/12148/cb11933259d
005 20240519025302.0
033    $a http://catalogue.bnf.fr/ark:/12148/cb11933259d
035    $a FRBNF119332590
039    $o OPL $a 001543472
100    $a 19810212afrey50      ba0
106    $a 203
152    $b SNG $c 2
159    $a rameau
215    $7 ba0yba0y $8 fre    $9     $a Sénégal
515    $5 h $3 17821841 $7 ba0yba0y $8 fre    $9     $a Gandiol (Sénégal)
515    $5 h $3 16963849 $7 ba0yba0y $8 fre    $9     $a Wouli (Sénégal)
515    $5 h $3 12088924 $7 ba0yba0y $8 fre    $9     $a Sine-Saloum (Sénégal ; région)
515    $5 h $3 12007732 $7 ba0yba0y $8 fre    $9     $a Ferlo (Sénégal)
515    $5 h $3 12192566 $7 ba0yba0y $8 fre    $9     $a Saint-Louis (Sénégal ; région administrative)
515    $5 h $3 12411973 $7 ba0yba0y $8 fre    $9     $a Boundou (Sénégal)
550    $5 z $0 Voir aussi $3 12419637 $7 ba0yba0y $8 fre    $9     $a Périodiques sénégalais
550    $5 z $0 Voir aussi $3 16923705 $7 ba0yba0y $8 fre    $9     $a Civilisation $y Sénégal
550    $5 z $0 Voir aussi $3 15567533 $7 ba0yba0y $8 fre    $9     $a Et le Sénégal
550    $5 z $0 Voir aussi $3 12419529 $7 ba0yba0y $8 fre    $9     $a Sénégalais
550    $5 h $3 17821841 $7 ba0yba0y $8 fre    $9     $a Gandiol (Sénégal)
550    $5 h $3 16963849 $7 ba0yba0y $8 fre    $9     $a Wouli (Sénégal)
550    $5 h $3 12088924 $7 ba0yba0y $8 fre    $9     $a Sine-Saloum (Sénégal ; région)
550    $5 h $3 12007732 $7 ba0yba0y $8 fre    $9     $a Ferlo (Sénégal)
550    $5 h $3 12192566 $7 ba0yba0y $8 fre    $9     $a Saint-Louis (Sénégal ; région administrative)
550    $5 h $3 12411973 $7 ba0yba0y $8 fre    $9     $a Boundou (Sénégal)
550    $5 g $3 11938944 $7 ba0yba0y $8 fre    $9     $a Afrique occidentale
550    $5 g $3 11947834 $7 ba0yba0y $8 fre    $9     $a Sénégambie
801    $a FR $b FR-751131015 $c 19870204
810    $a Names of states / IFLA, 1981
999    $a FRBNF119332590 $b 11933259

