01888cx  a2200385   4500
001 12729
003 http://catalogue.bnf.fr/ark:/12148/cb119674090
005 20240517044816.0
033    $a http://catalogue.bnf.fr/ark:/12148/cb119674090
035    $a FRBNF119674099
039    $o OPL $a 002001784
100    $a 19841123afrey50      ba0
106    $a 211
152    $b SNC $c 2
159    $a rameau
250    $7 ba0yba0y $8 fre    $9     $a Sciences sociales $x Recherche
450    $7 ba0yba0y $8 fre    $9     $a Recherche sociale
550    $5 z $0 Voir aussi $3 13318382 $7 ba0yba0y $8 fre    $9     $a Sciences sociales
550    $5 z $0 Voir aussi $3 11933237 $7 ba0yba0y $8 fre    $9   2 $a Sciences sociales $x Méthodologie
550    $5 h $3 16248353 $7 ba0yba0y $8 fre    $9     $a Études sur le genre
550    $5 h $3 15096256 $7 ba0yba0y $8 fre    $9     $a Maisons des sciences de l'homme
550    $5 h $3 12098282 $7 ba0yba0y $8 fre    $9     $a Enquêtes par téléphone
550    $5 h $3 11961424 $7 ba0yba0y $8 fre    $9     $a Enquêtes sociologiques
550    $5 h $3 11941574 $7 ba0yba0y $8 fre    $9     $a Information sociale
550    $5 h $3 11983442 $7 ba0yba0y $8 fre    $9     $a Méthode longitudinale
550    $5 h $3 11997193 $7 ba0yba0y $8 fre    $9     $a Recherche-action
550    $5 h $3 11948226 $7 ba0yba0y $8 fre    $9   2 $a Recherche évaluative (programmes d'action sociale)
550    $5 h $3 11973617 $7 ba0yba0y $8 fre    $9     $a Service social $x Recherche
550    $5 h $3 11973647 $7 ba0yba0y $8 fre    $9     $a Sociologie $x Recherche
550    $5 h $3 11949827 $7 ba0yba0y $8 fre    $9     $a Aménagement du territoire $x Recherche
550    $5 h $3 11974296 $7 ba0yba0y $8 fre    $9     $a Économie politique $x Recherche
801    $a FR $b FR-751131015 $c 19930304
822 12 $a Sciences sociales -- Recherche $2 RVMLaval $d 1993-03-04
822 1  $a Social sciences--Research $2 LCSH $u http://id.loc.gov/authorities/subjects/sh85124014 $d 2017-02-09
999    $a FRBNF119674099 $b 11967409

