00847cx  a2200265   4500
001 12876
003 http://catalogue.bnf.fr/ark:/12148/cb12751015z
005 20240512075038.0
010    $a 0000000073627200 $2 VIAF $d 20130729
033    $a http://catalogue.bnf.fr/ark:/12148/cb12751015z
035    $a FRBNF12751015X
039    $o OPL $a 005297370
100    $a 19900828afrey50      ba0
101    $a fre
102    $a FR
103    $a  19..               
105    $a a
106    $a 1  
120    $a a
200    $7 ba0yba0y $8 fre    $9  0  $a Dufeutrel $b Marie
300 0  $a Auteur d'ouvrages pour la jeunesse
801    $a FR $b FR-751131015 $c 20090106
810    $a La petite souris, le Père Noël et le Lapin de pâques / texte, Marie Dufautrel, Grégoire Horveno ; illustrations, Claire Le Grand, DL 2008
999    $a FRBNF12751015X $b 12751015
152    $b NP

