00962cx  a2200277   4500
001 13040
003 http://catalogue.bnf.fr/ark:/12148/cb15768326r
005 20240512045724.0
010    $a 0000000366990943 $2 VIAF $d 20130806
033    $a http://catalogue.bnf.fr/ark:/12148/cb15768326r
035    $a FRBNF157683260
100    $a 20080901afrey50      ba0
101    $a ger
102    $a ZZ $a CD $a DE
103    $a  1961               
105    $a a
106    $a 1  
120    $a b
152    $c 2 $b NP
200    $7 ba0yba0y $8 fre    $9  0  $a Goma Mpasi $b Rogério $f 1961-....
400    $7 ba0yba0y $8 fre    $9     $a Mpasi $b Rogério Goma $f 1961-....
801    $a FR $b FR-751131015 $c 20110621
810    $a Le lingala de poche / Rogério Goma Mpasi ; adaptation française [de l'allemand] de José Nzolani, DL 2008
810    $a VIAF : Bibliothèque nationale, Allemagne - http://viaf.org (2011-06-21)
856    $u http://viaf.org/ $e 2011-06-21
999    $a FRBNF157683260 $b 15768326

