01110cx  a2200277   4500
001 13160
003 http://catalogue.bnf.fr/ark:/12148/cb11960291s
005 20240514065359.0
033    $a http://catalogue.bnf.fr/ark:/12148/cb11960291s
035    $a FRBNF119602915
039    $o OPL $a 001902142
100    $a 19840124afrey50      ba0
106    $a 210
152    $b SNG $c 2
159    $a rameau
215    $7 ba0yba0y $8 fre    $9     $a Hiroshima (Japon) $z 1945 (Bombardement)
300 1  $a Bombardement atomique du 06-08-1945
550    $5 z $0 Voir aussi $3 16906192 $7 ba0yba0y $8 fre    $9     $a Enola Gay $x bombardier
550    $5 z $0 Voir aussi $3 12573676 $7 ba0yba0y $8 fre    $9     $a Victimes de la bombe atomique
550    $5 g $3 12489550 $7 ba0yba0y $8 fre    $9     $a Bombardement aérien $y Japon
550    $5 g $3 11958006 $7 ba0yba0y $8 fre    $9     $a Bombe atomique
801    $a FR $b FR-751131015 $c 19960409
810    $a GLU $a Laval RVM, 1995-03
815    $a LCSH, 1995-03
822 12 $a Hiroshima-shi (Japan)--History--Bombardment, 1945 $2 LCSH $u http://id.loc.gov/authorities/subjects/sh95003738 $d 2017-02-09
999    $a FRBNF119602915 $b 11960291

