00747nx  a2200241   4500
001 13320
003 http://catalogue.bnf.fr/ark:/12148/cb12261474x
005 20240515071026.0
010    $a 0000000403564573 $2 ISNI $d 20160215
033    $a http://catalogue.bnf.fr/ark:/12148/cb12261474x
035    $a FRBNF122614742
039    $o OPL $a 008332168
100    $a 19920903afrey50      ba0
101    $a fre
102    $a FR
105    $a a
106    $a 1  
200    $7 ba0yba0y $8 fre    $9  0  $a Matouk $b Olivier
300 0  $a Illustrateur d'ouvrages pour enfants
801    $a FR $b FR-751131015 $c 19920903
810    $a Marceau des marais / Jacqueline Mirande ; ill. d'Olivier Matouk et de Victor de la Fuente, 1992
999    $a FRBNF122614742 $b 12261474
152    $b NP

