01218cx  a2200265   4500
001 13476
003 http://catalogue.bnf.fr/ark:/12148/cb11892030z
005 20240518063435.0
010    $a 0000000121326024 $2 VIAF $d 20130724
033    $a http://catalogue.bnf.fr/ark:/12148/cb11892030z
035    $a FRBNF118920306
039    $o OPL $a 000482582
100    $a 19800321afrey50      ba0
101    $a fre
102    $a FR
103    $a  1950               
105    $a a $a p
106    $a 1  
120    $a b
200    $7 ba0yba0y $8 fre    $9  0  $a Bihr $b Alain $f 1950-....
300 0  $a Docteur en sociologie. - Il enseigne la philosophie dans un lycée strasbourgeois (en 1991). - Professeur de sociologie, membre du Laboratoire de sociologie et d'anthropologie de l'Université de Franche-Comté (en 2004)
801    $a FR $b FR-751131015 $c 20091021
810    $a Du grand soir à l'alternative, le mouvement ouvrier européen / Alain Bihr, 1991 $a Les rapports intergénérationnels en France et au Japon / ouvrage coordonné par Alain Bihr et Naoko Tanasawa, 2004 $a La reproduction du Capital [Images animées] / Maria Koleva, réal. ; Alain Bihr, participant. M. Koleva films, 2009
999    $a FRBNF118920306 $b 11892030
152    $b NP

