01909cx  a2200325   4500
001 13618
003 http://catalogue.bnf.fr/ark:/12148/cb13904864j
005 20240507025320.0
010    $a 0000000121589676 $2 VIAF $d 20130731
033    $a http://catalogue.bnf.fr/ark:/12148/cb13904864j
035    $a FRBNF139048640
100    $a 19890601afrey50      ba0
102    $a US
103    $a  1958      1971     
105    $a i $a a
106    $a 1  
150    $a y $b v8  
152    $c 2 $b CO
210    $7 ba0yba0y $8 fre    $9 20  $a The Mar-Keys
300 0  $a Groupe instrumental de rhythm and blues. - A débuté sous le nom de Royal Spades
303    $a Memphis (Tenn.)
307    $a Cropper, Steve, guitare (1961) $a Johnson, Terry, batterie (1961) $a Dunn, Donald "Duck", guitare basse (1961) $a Axton, Charles, saxophone ténor $a Nix, Don, saxophone baryton (1961-1963) $a Jackson, Wayne, trompette $a Smith, Jerry Lee "Smoochie", piano, orgue $a Love, Andrew, saxophone ténor (1963-) $a Parker, Gene, saxophone  ténor (1965) $a Newman, Floyd, saxophone baryton (1965) $a Hayes, Isaac, orgue (1965) $a Jackson, Al, Jr., batterie, tambourin (1965)
500    $5 z $0 A pour membre :  $3 13983196 $7 ba0yba0y $8 fre    $9  0  $a Cropper $b Steve $f 1941-....
500    $5 z $0 A pour membre :  $3 13939669 $7 ba0yba0y $8 fre    $9  0  $a Dunn $b Donald $f 1941-2012
500    $5 z $0 A pour membre :  $3 13994407 $7 ba0yba0y $8 fre    $9  0  $a Jackson $b Wayne $f 1944-....
801    $a FR $b FR-751131015 $c 20110323
810    $a The great Memphis sound [Enregistrement sonore]. Atlantic 7567823392
810    $a AMG - http://www.allmusic.com (2007-09-13) $a Bide et musique - http://www.bide-et-musique.com/artist/1475.html $a Wikipedia - http://fr.wikipedia.org/wiki/The_Mar-Keys (2009-02-17)
856    $u http://www.allmusic.com $e 2007-09-13 $u http://www.bide-et-musique.com/artist/1475.html $u http://fr.wikipedia.org/wiki/The_Mar-Keys $e 2009-02-17
999    $a FRBNF139048640 $b 13904864

