00742cx  a2200217   4500
001 13750
003 http://catalogue.bnf.fr/ark:/12148/cb11960895t
005 20240511021944.0
033    $a http://catalogue.bnf.fr/ark:/12148/cb11960895t
035    $a FRBNF119608957
039    $o OPL $a 001910979
100    $a 19840217afrey50      ba0
106    $a 210
152    $b SNG $c 2
159    $a rameau
215    $7 ba0yba0y $8 fre    $9     $a Balkans $x Histoire
515    $5 h $3 11954461 $7 ba0yba0y $8 fre    $9     $a Macédoine
550    $5 h $3 11954461 $7 ba0yba0y $8 fre    $9     $a Macédoine
801    $a FR $b FR-751131015 $c 19920217
822 12 $a Balkan Peninsula--History $2 LCSH $u http://id.loc.gov/authorities/subjects/sh85011196 $d 2017-02-09
999    $a FRBNF119608957 $b 11960895

