04231cx  a2200793   4500
001 13882
003 http://catalogue.bnf.fr/ark:/12148/cb12463116r
005 20240516025225.0
010    $a 0000000121031963 $2 VIAF $d 20130729
033    $a http://catalogue.bnf.fr/ark:/12148/cb12463116r
035    $a FRBNF124631167
039    $o OPL $a 011410805 $z APP
039    $o OPL $a 010805571 $z AMA
039    $o OPP $a 14807646 $d 20060428
039    $o OPP $a 14328540 $d 20060720
039    $o OPP $a 14344531 $d 20060720
039    $o OPP $a 14344530 $d 20060720
039    $o OPP $a 14990363 $d 20071221
039    $o OPP $a 14990365 $d 20071221
039    $o OPP $a 14990364 $d 20071221
039    $o OPP $a 15497119 $d 20130725
039    $o OPP $a 16298814 $d 20130725
039    $o OPP $a 14990362 $d 20130725
039    $o OPP $a 16298816 $d 20130725
039    $o OPP $a 16363646 $d 20130725
039    $o OPP $a 13361411 $d 20130725
039    $o OPP $a 16363648 $d 20130725
039    $o OPP $a 16363507 $d 20130725
039    $o OPP $a 16298817 $d 20130725
039    $o OPP $a 14990369 $d 20130725
039    $o OPP $a 15497122 $d 20130725
039    $o OPP $a 16363640 $d 20130725
039    $o OPP $a 14344543 $d 20130725
039    $o OPP $a 16363651 $d 20130725
039    $o OPP $a 16298815 $d 20130725
039    $o OPP $a 16363643 $d 20130725
039    $o OPP $a 16363654 $d 20130725
039    $o OPP $a 16363653 $d 20130725
039    $o OPP $a 16363647 $d 20130725
039    $o OPP $a 15497120 $d 20130725
039    $o OPP $a 16846041 $d 20180727
039    $o OPP $a 17336602 $d 20210409
039    $o OPP $a 17336603 $d 20210409
039    $o OPP $a 16899063 $d 20210409
039    $o OPP $a 17336580 $d 20210409
039    $o OPP $a 17336604 $d 20210409
100    $a 19950510afrey50      ba0
101    $a fre
102    $a FR
103    $a  17990527  18620317 
105    $a a
106    $a 010
120    $a b
200    $7 ba0yba0y $8 fre    $9  0  $a Halévy $b Fromental $f 1799-1862
300    $a Compositeur dramatique. - Élève de Henri Montan Berton (1767-1844) pour l'harmonie, et Luigi Cherubini (1760-1842) pour le contre-point. - Premier Grand prix de Rome (1819). - Chef de chant à l'Opéra de Paris (à partir de 1827). - Professeur de composition au Conservatoire de Paris (à partir de 1840), a notamment formé Gounod, Massé, Lecocq, Saint-Saëns et Bizet. - Membre de l'Institut, Académie des Beaux-Arts (élu en 1836), secrétaire perpétuel de cette Académie (élu en 1854), puis président (à partir de 1857)
301    $a Paris, 7e arrondissement $b Nice (Alpes-Maritimes)
400    $7 ba0yba0y $8 fre    $9     $a Halévy $b Fromenthal
400    $7 ba0yba0y $8 fre    $9     $a Halévy $b François
400    $7 ba0yba0y $8 fre    $9     $a Halévy $b Fromental Élie
400    $7 ba0yba0y $8 fre    $9     $a Halévy $b Jacques
400    $7 ba0yba0y $8 fre    $9     $a Halévy $b Jacques Fromental
686    $a 780 $c Musique $2 Note de regroupement par domaine
801    $a FR $b FR-751131015 $c 20210412
810    $a Guido et Ginévra : opéra en cinq actes [Musique notée] / Fromental Halévy ; paroles d'Eugène Scribe. - Heilbronn : L. Galland, cop. 1994 $a La Juive [Enregistrement sonore] / Jacques Fromental Halévy, comp. ; José Carreras (Eléazar), Dalmacio Gonzales (Léopold), T ; Julia Varady (Rachel), June Anderson (Eudoxie), S... [et al.] ; Ambrosian opera chorus ; John McCarthy, chef de choeur ; Philharmonia Orchestra ; Antonio de Almeida, dir. Philips 4201902 $a Derniers souvenirs et portraits / par F. Halévy ; précédés d'une notice par P.-A. Fiorentino, 1863
810    $a Commémorations nationales : 2012 / Archives de France, 2011 : Jacques Fromental Halévy $a GDEL : Halévy (Jacques Fromental Lévy, dit) $a DBF et Berthelot : Halévy (Jacques-François-Fromental-Élie) $a Honegger $a Oxford Music Online - https://doi.org/10.1093/gmo/9781561592630.article.12213 (2021-04-12) $a Chansonia, n° 58, mars 2021 : né Jacques Fromental Lévi ; à la demande de son père, son nom est changé par décret du 28 juillet 1808 en Fromental Elie Halévy
810    $a BN Cat. gén. : Halévy (François [Jacques-François-Fromental-Élie])
856    $u https://doi.org/10.1093/gmo/9781561592630.article.12213 $e 2021-04-12
999    $a FRBNF124631167 $b 12463116
152    $b NP

