01251cx  a2200301   4500
001 14022
003 http://catalogue.bnf.fr/ark:/12148/cb13900663p
005 20240508030356.0
010    $a 0000000122423395 $2 VIAF $d 20130731
033    $a http://catalogue.bnf.fr/ark:/12148/cb13900663p
035    $a FRBNF139006634
100    $a 19890601afrey50      ba0
102    $a US
103    $a  19600606           
105    $a a $a i $a p
106    $a 1  
120    $a b
152    $c 2 $b NP
200    $7 ba0yba0y $8 fre    $9  0  $a Vai $b Steve $f 1960-....
300 0  $a Guitariste de hard rock
510    $5 xxxk $0 Membre de :  $3 13907460 $7 ba0yba0y $8 fre    $9 20  $a Whitesnake
510    $5 xxxk $0 Membre de :  $3 13901549 $7 ba0yba0y $8 fre    $9 20  $a Alcatrazz
516    $5 h $3 16559678 $7 ba0yba0y $8 fre    $9     $a Favored nations
801    $a FR $b FR-751131015 $c 20150828
810    $a Stillness in motion [Enregistrement sonore] : Vai live in L.A. / Steve Vai, guit., chant [acc. voc. et instr.]. - [Europe] : Sony music entertainment ; [France] : distrib. Sony music entertainment, P 2015.
810    $a Art hits news n °80, 6-19 mars 1995 $a All music guide - http://www.allmusic.com (1999-11-04)
856    $u http://www.allmusic.com $e 1999-11-04
999    $a FRBNF139006634 $b 13900663

