01168cx  a2200301   4500
001 14133
003 http://catalogue.bnf.fr/ark:/12148/cb138959324
005 20240515030333.0
010    $a 0000000108964355 $2 VIAF $d 20130731
033    $a http://catalogue.bnf.fr/ark:/12148/cb138959324
035    $a FRBNF138959327
039    $o OPP $a 14685602 $d 20061117
039    $o OPP $a 14860559 $d 20061117
100    $a 19890601afrey50      ba0
102    $a US
103    $a  19140217  19900105 
105    $a a $a i
106    $a 010
120    $a b
152    $c 2 $b NP
200    $7 ba0yba0y $8 fre    $9  0  $a Kennedy $b Arthur $f 1914-1990
300    $a Acteur
301    $a Worcester (Massachussetts, États-Unis) $b Branford (Connecticut, États-Unis)
801    $a FR $b FR-751131015 $c 20180604
810    $a Les affameurs [Images animées] / Anthony Mann, réal. ; James Stewart, Arthur Kennedy, Julia Adams, act... [et al.]. CIC vidéo, [1994]
810    $a IMDb : Arthur Kennedy (I) - https://www.imdb.com/name/nm0447913/?ref_=fn_al_nm_1 (2006-10-24) (2018-06-04)
856    $u https://www.imdb.com/name/nm0447913/?ref_=fn_al_nm_1 $e 2006-10-24 $e 2018-06-04
999    $a FRBNF138959327 $b 13895932

