02659cx  a2200445   4500
001 14263
003 http://catalogue.bnf.fr/ark:/12148/cb13318301d
005 20240519053732.0
033    $a http://catalogue.bnf.fr/ark:/12148/cb13318301d
035    $a FRBNF133183019
039    $o OPL $a 001515252
100    $a 19820210afrey50      ba0
106    $a 211
152    $b SNC $c 2
159    $a rameau
250    $7 ba0yba0y $8 fre    $9     $a Art primitif
330    $a Sous cette vedette, on trouve les documents sur l'art des sociétés dites primitives en général. Les documents sur l'art d'une société particulière ou dans un lieu particulier se trouvent sous les vedettes du type Art [adjectif ethnique] ou la vedette Art suivie de la subdivision géographique appropriée. Les documents sur l'art précédant la Renaissance, parfois qualifié de "primitif" se trouvent sous les vedettes appropriées : Art, Peinture, Peinture sur panneau, etc., localisées et datées
450    $7 ba0yba0y $8 fre    $9   2 $a Art ethnique
450    $7 ba0yba0y $8 fre    $9     $a Art premier
450    $7 ba0yba0y $8 fre    $9     $a Art tribal
450    $7 ba0yba0y $8 fre    $9     $a Arts premiers
450    $7 ba0yba0y $8 fre    $9     $a Objets d'art primitifs
550    $5 z $0 Voir aussi $3 11942239 $7 ba0yba0y $8 fre    $9     $a Art populaire
550    $5 z $0 Voir aussi $3 12435316 $7 ba0yba0y $8 fre    $9     $a Bijoux ethniques
550    $5 z $0 Voir aussi $3 11948962 $7 ba0yba0y $8 fre    $9     $a Idoles et images
550    $5 z $0 Voir aussi $3 13328346 $7 ba0yba0y $8 fre    $9     $a Primitivisme $x art
550    $5 h $3 11941925 $7 ba0yba0y $8 fre    $9     $a Architecture primitive
550    $5 h $3 12099126 $7 ba0yba0y $8 fre    $9     $a Décoration primitive
550    $5 h $3 11977596 $7 ba0yba0y $8 fre    $9     $a Sculpture primitive
550    $5 g $3 11934758 $7 ba0yba0y $8 fre    $9     $a Art
550    $5 g $3 13549196 $7 ba0yba0y $8 fre    $9     $a Société primitive
686    $a 391 $2 Note de regroupement par domaine
686    $a 700 $c Arts $2 Note de regroupement par domaine
801    $a FR $b FR-751131015 $c 20140416
810    $a Grand Larousse universel (art. : Primitif)
810    $a Dict. de l'ethnologie et de l'anthropologie / P. Bonte, M. Izard, 1991 (art : Art, Anthropologie de l') $a Arts primitifs, regards civilisés / S. Price, 2006 $a Universalité de l'art tribal / W. Muensterberger, 1979 $a Arts premiers / B. Geoffroy-Schneiter, 2012
822 12 $a Art primitif $2 RVMLaval $d 2014-04-16
822 1  $a Art, primitive $2 LCSH $u http://id.loc.gov/authorities/subjects/sh85007854 $d 2017-02-09
822 1  $a Ethnic art $2 LCSH $u http://id.loc.gov/authorities/subjects/sh85045163 $d 2017-02-09
999    $a FRBNF133183019 $b 13318301

