01366cx  a2200313   4500
001 14408
003 http://catalogue.bnf.fr/ark:/12148/cb118920392
005 20240514060245.0
010    $a 0000000109001729 $2 VIAF $d 20130724
033    $a http://catalogue.bnf.fr/ark:/12148/cb118920392
035    $a FRBNF118920391
039    $o OPL $a 000482899
039    $o OPP $a 14017037 $d 20080219
100    $a 19820319afrey50      ba0
101    $a fre $t eng
102    $a FR
103    $a  19480912           
105    $a a
106    $a 1  
120    $a b
200    $7 ba0yba0y $8 fre    $9  0  $a Billard $b François $f 1948-....
300 0  $a Journaliste, historien du jazz, producteur de disques. - Traducteur. - Musicien, co-fondateur et membre du groupe "Barricade"
510    $5 xxxk $0 Membre de :  $3 15085617 $7 ba0yba0y $8 fre    $9 20  $a Barricade
801    $a FR $b FR-751131015 $c 20181214
810    $a La Vie quotidienne des jazzmen américains / F. Billard, 1989 $a Guide du développement local / DATAR ; réd. par F. Billard [et al.], 1986 $a Chroniques d'un libéral impénitent / J. K. Galbraith ; trad. par F. Billard et D. Blanchard, 1981 $a Ordre dispersé / François Billard, 2003
810    $a Dictionnaire du jazz / P. Carles, A. Clergeat, J.-L. Comolli, 1988
815    $a BN Cat. gén. 1960-1969. - BN Cat. gén. 1970-1979
999    $a FRBNF118920391 $b 11892039
152    $b NP

