01854cx  a2200373   4500
001 14553
003 http://catalogue.bnf.fr/ark:/12148/cb119549877
005 20240511033925.0
033    $a http://catalogue.bnf.fr/ark:/12148/cb119549877
035    $a FRBNF119549875
039    $o OPL $a 001829438
100    $a 19830421afrey50      ba0
106    $a 211
152    $b SNC $c 2
159    $a rameau
250    $7 ba0yba0y $8 fre    $9     $a Phéniciens
450    $7 ba0yba0y $8 fre    $9     $a Civilisation phénicienne
450    $7 ba0yba0y $8 fre    $9     $a Phéniciens $x Civilisation
550    $5 z $0 Voir aussi $3 11943987 $7 ba0yba0y $8 fre    $9     $a Antiquités phéniciennes
550    $5 z $0 Voir aussi $3 11969352 $7 ba0yba0y $8 fre    $9     $a Art phénicien
550    $5 z $0 Voir aussi $3 13515066 $7 ba0yba0y $8 fre    $9     $a Influence phénicienne
550    $5 z $0 Voir aussi $3 12048277 $7 ba0yba0y $8 fre    $9     $a Moyen-Orient $z Jusqu'à 622
550    $5 z $0 Voir aussi $3 11969017 $7 ba0yba0y $8 fre    $9     $a Phénicie
550    $5 z $0 Voir aussi $3 12152921 $7 ba0yba0y $8 fre    $9     $a Religion phénicienne
550    $5 h $3 11982601 $7 ba0yba0y $8 fre    $9     $a Puniques
550    $5 g $3 12421276 $7 ba0yba0y $8 fre    $9     $a Ethnologie $y Liban
686    $a 390 $c Ethnologie, anthropologie, folklore $2 Note de regroupement par domaine
686    $a 930 $c Préhistoire et histoire ancienne $2 Note de regroupement par domaine
801    $a FR $b FR-751131015 $c 20090605
810    $a Grand Larousse universel
810    $a Dict. de la civilisation phénicienne et punique / E. Lipiński, 1992 $a Dict. encyclopédique d'histoire / M. Mourre, 1996 (art. : Phénicie) $a Dict. des civilisations de l'Orient ancien / G. Rachet, 1999
822 12 $a Phéniciens $2 RVMLaval $d 2009-06-05
822 1  $a Phoenicians $2 LCSH $u http://id.loc.gov/authorities/subjects/sh85101029 $d 2017-02-09
999    $a FRBNF119549875 $b 11954987

