01534cx  a2200361   4500
001 14680
003 http://catalogue.bnf.fr/ark:/12148/cb119252706
005 20240518064444.0
010    $a 0000000114960430 $2 saisie $d 20140424
033    $a http://catalogue.bnf.fr/ark:/12148/cb119252706
035    $a FRBNF119252703
039    $o OPL $a 001375715
039    $o OPP $a 13973478 $d 20140424
100    $a 19790606afrey50      ba0
101    $a ara $a fre
102    $a FR
103    $a  1945               
105    $a a $a p
106    $a 1  
120    $a b
200    $7 ba0yba0y $8 fre    $9  0  $a Souss $b Ibrahim $f 1945-....
300 0  $a Poète. - Romancier. - Essayiste politique. - Docteur en sciences politiques, diplômé de l'IEP (Institut d'études politiques de Paris). - Pianiste et compositeur. - Représentant de l'Organisation de libération de la Palestine à Paris (en 1993)
400    $7 ba0yba0y $8 fre    $9     $a Ibrahim Souss $f 1945-....
400    $7 ba0yba0f $8 frejpn $9     $a Iburāhīmu Sūsu $f 1945-....
400    $7 ba0ydc0y $8 frejpn $9     $a イブラーヒーム・スース $f 1945-....
700    $7 ba0yba0a $8 fre||| $9  0  $a Ṣūṣ $b Ibrāhīm al- $f 1945-....
700    $7 ba0yba0a $8 freara $9  0  $a الصوص $b ابراهيم $f 1945-....
801    $a FR $b FR-751131015 $c 20200827
810    $a Les Fleurs de l'olivier / I. Souss, 1985
810    $a Web NDL Authorities, 2014 $a Libération, 1993-04-30
810    $a BnF Service arabe, 2016-02-26 $a BnF Service japonais, 2014-01-13
999    $a FRBNF119252703 $b 11925270
152    $b NP

