01818cx  a2200409   4500
001 14814
003 http://catalogue.bnf.fr/ark:/12148/cb138941033
005 20240517062556.0
010    $a 0000000114792908 $2 VIAF $d 20130731
033    $a http://catalogue.bnf.fr/ark:/12148/cb138941033
035    $a FRBNF138941037
039    $o OPL $a 011770269 $z AMA
039    $o OPP $a 14679840 $d 20060502
039    $o OPP $a 14785114 $d 20060502
039    $o OPP $a 14679745 $d 20060502
039    $o OPP $a 14892958 $d 20070117
039    $o OPP $a 14989354 $d 20070607
039    $o OPP $a 14989392 $d 20070607
039    $o OPP $a 16353277 $d 20131129
039    $o OPP $a 16813035 $d 20170609
100    $a 19890601afrey50      ba0
101    $a fre
102    $a FR
103    $a  19120523  19970925 
105    $a a $a i $a p
106    $a 010
120    $a b
200    $7 ba0yba0y $8 fre    $9  0  $a Françaix $b Jean $f 1912-1997
300    $a Compositeur et pianiste
301    $a Le Mans (Sarthe) $b Paris
686    $a 780 $c Musique $2 Note de regroupement par domaine
801    $a FR $b FR-751131015 $c 20170609
810    $a La princesse de Clèves [Musique imprimée] : opéra en 4 actes / musique de Jean Françaix ; livret tiré du roman de Madame Lafayette par Jean Françaix et Marc Lanjean, [1994]
810    $a Commémorations nationales : 2012 / Archives de France, 2011 $a Grove Music Online. In : Oxford Music Online, Oxford, UK : Françaix, Jean René Désiré - http://www.oxfordmusiconline.com/subscriber (2012-02-06) $a Grove 6 $a Monde, 1997-10-02 $a Honegger 1993 $a Qui était qui, XXe s. / Béatrice et Michel Wattel, 2005 $a WW, France 1959-1960 $a Les musiques du cinéma français / Alain Lacombe ; François Porcile, 1995
856    $u http://www.oxfordmusiconline.com/subscriber/ $e 2012-02-06
999    $a FRBNF138941037 $b 13894103
152    $b NP

