00788cx  a2200265   4500
001 14934
003 http://catalogue.bnf.fr/ark:/12148/cb11917340t
005 20240512073416.0
010    $a 0000000120961405 $2 VIAF $d 20130724
033    $a http://catalogue.bnf.fr/ark:/12148/cb11917340t
035    $a FRBNF119173405
039    $o OPL $a 001155847
039    $o OPP $a 14031954 $d 20070509
100    $a 19741211afrey50      ba0
101    $a fre
102    $a FR
103    $a  19440912           
105    $a a $a p
106    $a 1  
200    $7 ba0yba0y $8 fre    $9  0  $a Nadaud $b Claire $f 1944-....
300 0  $a Illustratrice
801    $a FR $b FR-751131015 $c 20220602
810    $a Le Cœur qui pique les yeux / Y. Pinguilly ; ill. par C. Nadaud, 1986
999    $a FRBNF119173405 $b 11917340
152    $b NP

