01571cx  a2200313   4500
001 15062
003 http://catalogue.bnf.fr/ark:/12148/cb148352594
005 20240518065153.0
010    $a 0000000077315650 $2 VIAF $d 20130802
033    $a http://catalogue.bnf.fr/ark:/12148/cb148352594
035    $a FRBNF148352592
039    $o OPP $a 13811496 $d 20100322
039    $o OPP $a 13899661 $d 20100322
100    $a 20030923afrey50      ba0
102    $a FR
103    $a  19330730  20230623 
105    $a a
106    $a 1  
120    $a b
200    $7 ba0yba0y $8 fre    $9  0  $a Senneville $b Paul de $f 1933-2023
300 0  $a Diplômé de l'École pratique des hautes études. - Compositeur de musique et producteur. - Directeur de sociétés. - Directeur général de Disc'Az (1970-1979) et de la Société des éditions Delphine (depuis 1973). - A utilisé les pseudonymes : Ian Wira, Jean-Noël Mauzin, Tim Lekarski
500    $5 e $0 Voir le pseudonyme $3 14780468 $7 ba0yba0y $8 fre    $9  0  $a Wira $b Ian $f 1933-2023
516    $5 h $3 13875068 $7 ba0yba0y $8 fre    $9     $a Delphine
801    $a FR $b FR-751131015 $c 20230701
810    $a Ballade pour Adeline [Musique imprimée] / musique de Paul de Senneville, Olivier Toussaint, 1977 $a Divorce à Hollywood [Images animées] / Charles Shyer, réal. ; Paul de Senneville, Olivier Toussaint mus., 1985
810    $a WW France, 2009 : Senneville (Paul, Marie, André de) $a Discogs - https://www.discogs.com/artist/450352 (2023-07-01)
856    $u https://www.discogs.com/artist/450352 $e 2023-07-01
999    $a FRBNF148352592 $b 14835259
152    $b NP

