01434cx  a2200337   4500
001 15204
003 http://catalogue.bnf.fr/ark:/12148/cb11949006x
005 20240513021544.0
033    $a http://catalogue.bnf.fr/ark:/12148/cb11949006x
035    $a FRBNF119490067
039    $o OPL $a 001750154
100    $a 19820908afrey50      ba0
106    $a 211
152    $b SNC $c 2
159    $a rameau
250    $7 ba0yba0y $8 fre    $9     $a Écoles privées
450    $7 ba0yba0y $8 fre    $9     $a Écoles libres
450    $7 ba0yba0y $8 fre    $9     $a Enseignement libre
450    $7 ba0yba0y $8 fre    $9     $a Enseignement privé
550    $5 z $0 Voir aussi $3 16766423 $7 ba0yba0y $8 fre    $9     $a Privatisation de l'éducation
550    $5 z $0 Voir aussi $3 11955656 $7 ba0yba0y $8 fre    $9     $a Liberté de l'enseignement
550    $5 z $0 Voir aussi $3 11932134 $7 ba0yba0y $8 fre    $9   2 $a Internats
550    $5 h $3 11949005 $7 ba0yba0y $8 fre    $9   2 $a Écoles confessionnelles
550    $5 h $3 12121220 $7 ba0yba0y $8 fre    $9     $a Enseignement supérieur privé
550    $5 h $3 12031975 $7 ba0yba0y $8 fre    $9     $a Public schools
550    $5 h $3 13740806 $7 ba0yba0y $8 fre    $9     $a Charter schools
550    $5 g $3 11936354 $7 ba0yba0y $8 fre    $9   2 $a Enseignement primaire
550    $5 g $3 11976106 $7 ba0yba0y $8 fre    $9     $a Enseignement secondaire
801    $a FR $b FR-751131015 $c 19870203
822 12 $a Écoles privées $2 RVMLaval $d 1987-02-03
999    $a FRBNF119490067 $b 11949006

