01305cx  a2200289   4500
001 15349
003 http://catalogue.bnf.fr/ark:/12148/cb15597779g
005 20240518065236.0
010    $a 0000000099127394 $2 VIAF $d 20130806
033    $a http://catalogue.bnf.fr/ark:/12148/cb15597779g
035    $a FRBNF155977797
100    $a 20080122afrey50      ba0
102    $a TZ
103    $a  1964               
105    $a i
106    $a 1  
150    $a y $b v9  
152    $c 2 $b CO
210    $7 ba0yba0y $8 fre    $9 20  $a Nuta jazz band
300 0  $a Chante en swahili. - Orchestre de musique de danse tanzanienne, dominée par le "taarab" (mot arabe désignant le chant ou la musique) de Mombasa (Kenya), co-fondé par Maalim Muhiddin. - Devient Juwata jazz (en 1978), puis l'Ottu jazz (en 199.), puis Msondo Ngoma (en 200.)
307    $a Muhiddin, Maalim, direction
410    $7 ba0yba0y $8 fre    $9     $a National union of Tanzania jazz band
801    $a FR $b FR-751131015 $c 20080205
810    $a Ujamaa [Enregistrement sonore] : le son des années 60 en Tanzanie / Jamhuri jazz band, Nuta jazz band, Atomic jazz band, groupes voc. et instr. Buda 860142
810    $a Buda musique - http://www.budamusique.com (2008-01-22)
856    $u http://www.budamusique.com/ $e 2008-01-22
999    $a FRBNF155977797 $b 15597779

