01414cx  a2200325   4500
001 15495
003 http://catalogue.bnf.fr/ark:/12148/cb12159805r
005 20240513041157.0
010    $a 0000000434838151 $2 ISNI $d 20150312
010    $y 0000000108746817 $2 VIAF $d 20130725
033    $a http://catalogue.bnf.fr/ark:/12148/cb12159805r
035    $a FRBNF121598057
039    $o OPL $a 005300158
100    $a 19900830afrey50      ba0
101    $a fre
102    $a FR
103    $a  19500701           
105    $a a
106    $a 010
120    $a b
200    $7 ba0yba0y $8 fre    $9  0  $a Mezinski $b Pierre $f 1950-....
300    $a Auteur de livres pour la jeunesse avec Corinne Arbore ; tous deux signent du pseudonyme "Marie et Joseph" leurs romans pour adultes
400    $7 ba0yba0y $8 fre    $9     $a Mezinsky $b Pierre $f 1950-....
500    $5 l $0 Utilise :  $3 11909004 $7 ba0yba0y $8 fre    $9  0  $a Marie et Joseph $f 1958-....
686    $a 800 $c Histoire et critique littéraires $2 Note de regroupement par domaine
801    $a FR $b FR-751131015 $c 20070330
810    $a Le Jardin des gâteaux / Corinne Arbore et Pierre Mezinski, 1990 $a La corde / Pierre Mezinsky, 1993 $a Mauvais coup / Pierre Mezinski, DL 2007
810    $a SN : voyage au bout de la Noire : additif 1982-1985 / C. Mesplède, J.J. Schléret, 1985 : Marie et Joseph $a L'Année du polar 1987 : Marie et Joseph
999    $a FRBNF121598057 $b 12159805
152    $b NP

