00929cx  a2200265   4500
001 15643
003 http://catalogue.bnf.fr/ark:/12148/cb140161626
005 20240513055902.0
010    $a 0000000121210785 $2 VIAF $d 20130801
033    $a http://catalogue.bnf.fr/ark:/12148/cb140161626
035    $a FRBNF140161628
100    $a 19981124afrey50      ba0
102    $a DK
103    $a  19280714           
105    $a i $a a
106    $a 1  
120    $a b
152    $c 2 $b NP
200    $7 ba0yba0y $8 fre    $9  0  $a Schmidt $b Ole $f 1928-....
300 0  $a Compositeur et chef d'orchestre
510    $5 xxxz $0 Dirige :  $3 13952657 $7 ba0yba0y $8 fredan $9 20  $a Aarhus symfoniorkester
801    $a FR $b FR-751131015 $c 20120720
810    $a Violin concerto [Enregistrement sonore] / Sibelius, comp. ; Ole Schmidt, dir. EMI 7243 5 75566 2 0
815    $a Grove music online : http://www.grovemusic.com/ (2012-07-20)
999    $a FRBNF140161628 $b 14016162

