02156cx  a2200433   4500
001 15781
003 http://catalogue.bnf.fr/ark:/12148/cb11925251x
005 20240519052504.0
010    $a 0000000110324736 $2 ISNI $d 20170818
033    $a http://catalogue.bnf.fr/ark:/12148/cb11925251x
035    $a FRBNF119252518
039    $o OPL $a 001624757 $z AMA
039    $o OPL $a 001375163 $z APP
039    $o OPP $a 14995948 $d 20100430
039    $o OPP $a 14934220 $d 20100430
039    $o OPP $a 14700710 $d 20100430
039    $o OPP $a 14316570 $d 20100430
039    $o OPP $a 15486753 $d 20140114
039    $o OPP $a 16428265 $d 20140114
039    $o OPP $a 16820748 $d 20150615
039    $o OPP $a 16849733 $d 20230106
100    $a 19750116afrey50      ba0
101    $a fre $t ger
102    $a FR
103    $a  18970802  19900312 
105    $a a $a i $a p
106    $a 010
120    $a b
200    $7 ba0yba0y $8 fre    $9  0  $a Soupault $b Philippe $f 1897-1990
300    $a Poète, romancier, éditeur, critique, essayiste, journaliste, homme de radio. - Fondateur en mars 1919, avec Breton et Aragon, de la revue "Littérature", où allaient être publiés les premiers textes dada et surréalistes. - A écrit dans la revue "Sic" sous le pseudonyme "Philippe Verneuil"
301    $a Chaville (Hauts-de-Seine) $b Paris (16e)
400    $5 e $7 ba0yba0y $8 fre    $9     $a Verneuil $b Philippe $f 1897-1990
686    $a 800 $c Histoire et critique littéraires $2 Note de regroupement par domaine
801    $a FR $b FR-751131015 $c 20230106
810    $a Les champs magnétiques / par André Breton et Philippe Soupault, 1920 $a Voyage d'Horace Pirouelle / par Philippe Soupault, 1925 $a Écrits de cinéma : 1918-1931 / Philippe Soupault, 1988 $a Klänge / Kandinski ; poèmes traduits par Philippe Soupault, DL 2015
810    $a WW, France 1989-1990 $a Monde, 1990-03-13 $a Les poètes de la Grande guerre / par Jacques Béal, 1992, p. 20 $a Dictionnaire des lettres françaises. Le XXe siècle / éd. réalisée sous la dir. de Martine Bercot,... et d'André Guyaux, 1998
810    $a BN Cat. gén. $a BN Cat. gén. suppl. $a BN Cat. gén. 1960-1969
999    $a FRBNF119252518 $b 11925251
152    $b NP

