01175cx  a2200325   4500
001 15923
003 http://catalogue.bnf.fr/ark:/12148/cb126207700
005 20240508054041.0
010    $a 0000000055116888 $2 VIAF $d 20130729
033    $a http://catalogue.bnf.fr/ark:/12148/cb126207700
035    $a FRBNF126207701
039    $o OPL $a 001031625
039    $o OPP $a 14688306 $d 20211014
039    $o OPP $a 14688307 $d 20211014
039    $o OPP $a 14767067 $d 20211014
039    $o OPP $a 14909083 $d 20211014
100    $a 19790207afrey50      ba0
101    $a fre
102    $a FR
103    $a  19490215           
105    $a a $a c
106    $a 1  
120    $a b
200    $7 ba0yba0y $8 fre    $9  0  $a Letort $b Alain $f 1949-....
300 0  $a Illustrateur, sculpteur et peintre. - Créateur de jouets et de costumes, de décors de théâtre et de cirque
801    $a FR $b FR-751131015 $c 20211014
810    $a La famille Adam / nouvelle de Michel Tournier ; ill. par Alain Letort, 2003
810    $a Artistes contemporains en Basse-Normandie : 1945-2005. Direction des Archives du Calvados : Conseil général Calvados, impr. 2005
999    $a FRBNF126207701 $b 12620770
152    $b NP

