02083cx  a2200445   4500
001 16085
003 http://catalogue.bnf.fr/ark:/12148/cb120083366
005 20240509050000.0
010    $a 0000000122809060 $2 VIAF $d 20130724
033    $a http://catalogue.bnf.fr/ark:/12148/cb120083366
035    $a FRBNF120083360
039    $o OPL $a 001739624 $z AMA
039    $o OPL $a 002477790 $z APP
039    $o OPP $a 13809421 $d 20070726
039    $o OPP $a 14812617 $d 20070726
039    $o OPP $a 13898975 $d 20070726
100    $a 19870101afrey50      ba0
101    $a enm
102    $a GB
103    $a  11570908  11990406 
105    $a a
106    $a 010
120    $a b
152    $c 2 $b NP
200    $7 ba0yba0y $8 freeng $9  1  $a Richard $d I $f 1157-1199 $c roi d'Angleterre
300    $a Écrit aussi en latin et en français ancien
300    $a Roi d'Angleterre (de 1189 à 1199). - Duc de Normandie, d'Aquitaine (1168), de Poitiers (1172) et comte d'Anjou
301    $a Oxford (GB) $b Châlus (Haute-Vienne)
400    $7 ba0yba0y $8 frefre $9     $a Richard Coeur de Lion $f 1157-1199
400    $7 ba0yba0y $8 frefre $9     $a Richard $d I Coeur de Lion $f 1157-1199
400    $7 ba0yba0y $8 freeng $9     $a Richard the Lion-heart $f 1157-1199
400    $7 ba0yba0y $8 freeng $9     $a Richard the Lionheart $f 1157-1199
400    $7 ba0yba0y $8 freeng $9     $a Richard the Lion-hearted $f 1157-1199
400    $7 ba0yba0y $8 freeng $9     $a Richard the Lionhearted $f 1157-1199
801    $a FR $b FR-751131015 $c 20071008
810    $a Chanson de captivité / Richard I, roi d'Angleterre i̲n̲ Épopées, légendes et miracles / Université de Montréal, Institut d'études médiévales, 1974
810    $a BL integrated catalogue : Richard I, King of England, 1157-1199 - http://catalogue.bl.uk (2007-10-08) $a GDEL ; Grente, Moyen âge : Richard Ier Coeur de Lion $a Encycl. Britannica, 15th ed. : Richard I, byname Richard the Lion-heart, or Lion-hearted $a Chevalier
810    $a BN Cat. gén. : Richard Ier, Coeur de Lion, roi d'Angleterre
856    $u http://catalogue.bl.uk $e 2007-10-08
999    $a FRBNF120083360 $b 12008336

