01272cx  a2200313   4500
001 16239
003 http://catalogue.bnf.fr/ark:/12148/cb11902741v
005 20240518070104.0
010    $a 0000000453028461 $2 ISNI $d 20161108
010    $y 0000000108877219 $2 VIAF $d 20130724
033    $a http://catalogue.bnf.fr/ark:/12148/cb11902741v
035    $a FRBNF119027418
039    $o OPL $a 00076298X
039    $o OPP $a 15287027 $d 20110526
100    $a 19790216afrey50      ba0
101    $a fre
102    $a FR
103    $a  19410101           
105    $a a
106    $a 1  
120    $a b
200    $7 ba0yba0y $8 fre    $9  0  $a Fierro $b Alfred $f 1941-....
300 0  $a Archiviste-paléographe et docteur en histoire. - Conservateur en chef honoraire de la Bibliothèque nationale de France et de la Bibliothèque historique de la ville de Paris (en 2005)
400    $7 ba0yba0y $8 fre    $9     $a Fierro-Domenech $b Alfred $f 1941-....
400    $7 ba0yba0y $8 fre    $9     $a Domenech $b Alfred Fierro- $f 1941-....
801    $a FR $b FR-751131015 $c 20110526
810    $a Bibliographie analytique des biographies collectives imprimées de la France contemporaine : 1789-1985 / A. Fierro, 1986 $a Paris au jour le jour / Alfred Fierro, DL 2005
999    $a FRBNF119027418 $b 11902741
152    $b NP

