01167cx  a2200301   4500
001 16394
003 http://catalogue.bnf.fr/ark:/12148/cb12086601j
005 20240519043110.0
010    $a 0000000382118178 $2 ISNI $d 20170818
033    $a http://catalogue.bnf.fr/ark:/12148/cb12086601j
035    $a FRBNF120866011
039    $o OPL $a 004145559
039    $o OPP $a 16780404 $d 20150115
100    $a 19881003afrey50      ba0
101    $a fre
102    $a BE
103    $a  19600406           
105    $a a
106    $a 1  
120    $a b
152    $c 2 $b NP
200    $7 ba0yba0y $8 fre    $9  0  $a Batem $f 1960-....
300 0  $a Dessinateur de bandes dessinées
801    $a FR $b FR-751131015 $c 20220314
810    $a La Queue du marsupilami / dessins, Batem ; scénario, Greg ; mise en scène, Franquin, 1987 $a Baby Prinz / Batem... [et al.], 1990
810    $a La BD dans les provinces de Liège, Namur et Luxembourg / par Jacques Fiérain, 2004 $a Dictionnaire de la bande dessinée / Henri Filippini, 1989
815    $a Bibliothèque royale, Belgique : http://www.kbr.be (2005-03-25). - Guide de la bande dessinée / P. Bronson, 1986
999    $a FRBNF120866011 $b 12086601

