01185cx  a2200325   4500
001 16535
003 http://catalogue.bnf.fr/ark:/12148/cb124961790
005 20240515032650.0
010    $a 000000011767099X $2 VIAF $d 20130729
033    $a http://catalogue.bnf.fr/ark:/12148/cb124961790
035    $a FRBNF124961791
039    $o OPL $a 012380521 $z AMA
039    $o OPL $a 011879133 $z APP
100    $a 19960110afrey50      ba0
101    $a eng
102    $a US
103    $a  19050624  19850607 
105    $a a $a i
106    $a 010
120    $a a
152    $c 2 $b NP
200    $7 ba0yba0y $8 fre    $9  0  $a Hale $b Georgia $f 1905-1985
300    $a Actrice. - Fut l'actrice d'un seul rôle dans "La ruée vers l'or" de Charlie Chaplin (en 1925)
301    $a Saint Joseph, Mo. $b Hollywood, Calif.
686    $a 791 $c Audiovisuel $2 Note de regroupement par domaine
801    $a FR $b FR-751131015 $c 20200212
810    $a Charlie Chaplin : intimate close-ups / Georgia  Hale, 1995
810    $a Dict. du cinéma : les acteurs / Jean Tulard, 1991 $a IMDB - http://us.imdb.com/name/nm0354913 (2009-02-26)
856    $u http://us.imdb.com/name/nm0354913/ $e 2009-02-26
999    $a FRBNF124961791 $b 12496179

