02059cx  a2200361   4500
001 16666
003 http://catalogue.bnf.fr/ark:/12148/cb11903013x
005 20240511021928.0
010    $a 000000010879240X $2 ISNI $d 20161108
010    $y 0000000116870121 $2 VIAF $d 20130724
033    $a http://catalogue.bnf.fr/ark:/12148/cb11903013x
035    $a FRBNF11903013X
039    $o OPL $a 000770321
039    $o OPP $a 16787054 $d 20200526
100    $a 19780303afrey50      ba0
101    $a fre
102    $a BE
103    $a  19310410  20200314 
105    $a a
106    $a 010
120    $a b
152    $c 2 $b NP
200    $7 ba0yba0y $8 fre    $9  0  $a Follet $b René $f 1931-2020
300    $a Dessinateur de bandes dessinées. - Illustrateur d'ouvrages pour la jeunesse
301    $a Woluwé-Saint-Lambert (Belgique) $b Bruxelles
400    $7 ba0yba0y $8 fre    $9     $a Follet $f 1931-2020
400    $7 ba0yba0y $8 fre    $9     $a Follet $b René F. $f 1931-2020
500    $5 e $0 Voir le pseudonyme $3 16998078 $7 ba0yba0y $8 fre    $9  0  $a Ref $f 1931-2020
801    $a FR $b FR-751131015 $c 20200526
810    $a Le Naufrageur aux yeux vides / dessin, René Follet ; scénario, André-Paul Duchâteau, 1984 $a Petite histoire des colonies et missions françaises / Henri Servient ; ill. de René F. Follet, 1985 $a S.O.S. bagarreur / dessin, Follet, scénario, Tillieux, 1985 $a Le Château perdu : roman / George Ferney ; ill. de René Follet, 1989
810    $a Le nouveau dict. des Belges / sous la dir. de Thierry Denoël], 1992 $a Dictionnaire de la bande dessinée / Henri Filippini, 1989 [né en 1933] $a Guide de la bande dessinée / Philippe Bronson, 1986 [né en 1934] $a "Bob Morane", Henri Vernes / texte, conception et maquette, Pascal Roman, 2004, p. 31 : né le 10 avril 1931 $a Romans-scouts.com - http://illustrateurs.romans-scouts.com (2015-10-15) $a Wikipedia - https://fr.wikipedia.org/wiki/Ren%C3%A9_Follet (2020-05-26)
856    $u http://illustrateurs.romans-scouts.com $e 2015-10-15 $u https://fr.wikipedia.org/wiki/Ren%C3%A9_Follet $e 2020-05-26
999    $a FRBNF11903013X $b 11903013

