00758nx  a2200253   4500
001 16808
003 http://catalogue.bnf.fr/ark:/12148/cb12175316g
005 20240518070752.0
033    $a http://catalogue.bnf.fr/ark:/12148/cb12175316g
035    $a FRBNF121753162
039    $o OPL $a 005795307
100    $a 19901206afrey50      ba0
101    $a fre
102    $a FR
105    $a a
106    $a 1  
150    $a y $b m2  
210    $7 ba0yba0y $8 fre    $9 20  $a Comptoir de la photographie $c Paris
300 0  $a Galerie d'art photographique
303    $a Cour du Bel-Air 56 rue du Fg Saint-Antoine, 75012 Paris. Tél. 43.44.11.36
801    $a FR $b FR-751131015 $c 19901206
810    $a [Recueil. Invitations], 1989-
999    $a FRBNF121753162 $b 12175316
152    $b CO

