00932cx  a2200265   4500
001 16944
003 http://catalogue.bnf.fr/ark:/12148/cb145329365
005 20240518055850.0
010    $a 000000011477462X $2 VIAF $d 20130802
033    $a http://catalogue.bnf.fr/ark:/12148/cb145329365
035    $a FRBNF145329364
100    $a 20040322afrey50      ba0
102    $a GB
103    $a  19560312  ....     
105    $a i $a p
106    $a 1  
120    $a a
152    $c 2 $b NP
200    $7 ba0yba0y $8 fre    $9  0  $a Manville $b Lesley $f 1956-....
300 0  $a Actrice
801    $a FR $b FR-751131015 $c 20120921
810    $a All or nothing [Images animées] / Mike Leigh, réal., scénario ; Timothy Spall, Lesley Manville, Alison Garland, act... [et al.]. Studio Canal, [2003]
810    $a IMDb - http://www.imdb.com/name/nm0544334 (2012-09-21)
856    $u http://www.imdb.com/name/nm0544334/ $e 2012-09-21
999    $a FRBNF145329364 $b 14532936

