00972cx  a2200289   4500
001 17084
003 http://catalogue.bnf.fr/ark:/12148/cb140957341
005 20240516032149.0
010    $a 0000000117688428 $2 VIAF $d 20130801
033    $a http://catalogue.bnf.fr/ark:/12148/cb140957341
035    $a FRBNF140957340
100    $a 20030310afrey50      ba0
101    $a eng
102    $a US
103    $a  19511127           
105    $a a
106    $a 1  
120    $a b
152    $c 2 $b NP
200    $7 ba0yba0y $8 fre    $9  0  $a Eglee $b Charles H. $f 1951-....
300 0  $a Scénariste
400    $7 ba0yba0y $8 fre    $9     $a Eglee $b Charles $f 1951-....
801    $a FR $b FR-751131015 $c 20210111
810    $a Dark angel [Images animées] / James Cameron, Charles H. Eglee, idée orig. Twentieth century Fox, [2006]
810    $a IMDB - http://www.imdb.com/name/nm0251050 (2006-06-27)
856    $u http://www.imdb.com/name/nm0251050/ $e 2006-06-27
999    $a FRBNF140957340 $b 14095734

