00948cx  a2200277   4500
001 17234
003 http://catalogue.bnf.fr/ark:/12148/cb11894572r
005 20240513043651.0
010    $a 0000000121030397 $2 VIAF $d 20130724
033    $a http://catalogue.bnf.fr/ark:/12148/cb11894572r
035    $a FRBNF118945722
039    $o OPL $a 000549223
100    $a 19760107afrey50      ba0
101    $a fre
102    $a FR
103    $a  1938               
105    $a a $a p
106    $a 1  
120    $a b
200    $7 ba0yba0y $8 fre    $9  0  $a Burguière $b André $f 1938-....
300 0  $a Historien et anthropologue. - Directeur d'études à l'École des hautes études en sciences sociales, Paris (en 1989)
801    $a FR $b FR-751131015 $c 20030613
810    $a Bretons de Plozévet / A. Burguière, 1978
810    $a Répertoire de l'ethnologie de la France 1896-1987 $a Histoire(s) et historiens, 1990
999    $a FRBNF118945722 $b 11894572
152    $b NP

