01054cx  a2200265   4500
001 17407
003 http://catalogue.bnf.fr/ark:/12148/cb14134992f
005 20240517023147.0
010    $a 0000000116827879 $2 VIAF $d 20130801
033    $a http://catalogue.bnf.fr/ark:/12148/cb14134992f
035    $a FRBNF141349921
100    $a 20030310afrey50      ba0
102    $a AR
103    $a  19510819           
105    $a a $a i
106    $a 1  
120    $a b
152    $c 2 $b NP
200    $7 ba0yba0y $8 fre    $9  0  $a Santaolalla $b Gustavo $f 1951-....
300 0  $a Compositeur de musique de film
801    $a FR $b FR-751131015 $c 20200903
810    $a 21 grammes [Images animées] / Alejandro Gonzales Inarritu, réal... ; Gustavo Santaolalla, comp. ARP, [2004]
810    $a IMDB - http://us.imdb.com/name/nm0763395 (2008-08-25) $a Wikipédia - https://fr.wikipedia.org/wiki/Gustavo_Santaolalla (2020-05-07)
856    $u http://us.imdb.com/name/nm0763395/ $e 2008-08-25 $u https://fr.wikipedia.org/wiki/Gustavo_Santaolalla $e 2020-05-07
999    $a FRBNF141349921 $b 14134992

