01215cx  a2200289   4500
001 17540
003 http://catalogue.bnf.fr/ark:/12148/cb13964058n
005 20240515055407.0
010    $a 0000000114663428 $2 VIAF $d 20130731
033    $a http://catalogue.bnf.fr/ark:/12148/cb13964058n
035    $a FRBNF139640581
100    $a 19940509afrey50      ba0
102    $a US
103    $a  19561016           
105    $a i $a a
106    $a 1  
120    $a a
152    $c 2 $b NP
200    $7 ba0yba0y $8 fre    $9  0  $a Alsop $b Marin $f 1956-....
300 0  $a Violoniste et cheffe d'orchestre, fondatrice des orchestres Concordia et String fever swing band
510    $5 xxxz $0 Dirige :  $3 16618022 $7 ba0yba0y $8 fre    $9 20  $a String fever
510    $5 xxxz $0 Dirige :  $3 13964057 $7 ba0yba0y $8 fre    $9 20  $a Concordia $c Orchestre $c Orchestre
510    $5 xxxz $0 Dirige :  $3 16767268 $7 ba0yba0y $8 fre    $9 20  $a Sao Paulo symphony orchestra
801    $a FR $b FR-751131015 $c 20210430
810    $a Complete orchestral works [Enregistrement sonore] / Samuel Barber, comp.; Royal Scottisch national orchestra ; Marin Alsop, dir. American classics 8.506021
810    $a Grove (http://www.grove.com/), 2002-08-13
999    $a FRBNF139640581 $b 13964058

