00870cx  a2200265   4500
001 17831
003 http://catalogue.bnf.fr/ark:/12148/cb12343229s
005 20240518072559.0
010    $a 0000000115912801 $2 VIAF $d 20130726
033    $a http://catalogue.bnf.fr/ark:/12148/cb12343229s
035    $a FRBNF123432290
039    $o OPL $a 009361614
100    $a 19931022afrey50      ba0
101    $a fre
102    $a BE
103    $a  19..               
105    $a a
106    $a 1  
120    $a b
152    $c 2 $b NP
200    $7 ba0yba0y $8 fre    $9  0  $a Missa $b Jean-Noël
300 0  $a Docteur en philosophie et en médecine. - Chercheur au Fonds national belge de la recherche scientifique et à l'Université libre de Bruxelles (en 1993)
801    $a FR $b FR-751131015 $c 20121130
810    $a L'esprit cerveau / Jean-Noël Missa, 1993
999    $a FRBNF123432290 $b 12343229

