01060cx  a2200277   4500
001 17969
003 http://catalogue.bnf.fr/ark:/12148/cb11959134n
005 20240517060532.0
033    $a http://catalogue.bnf.fr/ark:/12148/cb11959134n
035    $a FRBNF119591340
039    $o OPL $a 00188613X
100    $a 19831123afrey50      ba0
106    $a 211
152    $b SNC $c 2
159    $a rameau
250    $7 ba0yba0y $8 fre    $9     $a Fées
550    $5 z $0 Voir aussi $3 12045229 $7 ba0yba0y $8 fre    $9     $a Changelins
550    $5 z $0 Voir aussi $3 16182559 $7 ba0yba0y $8 fre    $9     $a Fairy painting
550    $5 g $3 11934770 $7 ba0yba0y $8 fre    $9     $a Créatures fabuleuses
580  0 $5 z $0 Voir aussi $3 11931786 $7 ba0yba0y $8 fre    $9   2 $a Contes de fées
686    $a 391 $2 Note de regroupement par domaine
801    $a FR $b FR-751131015 $c 20130925
810    $a Grand Larousse universel $a Nouveau petit Robert 2008
822 12 $a Fées $2 RVMLaval $d 2013-09-25
822 1  $a Fairies $2 LCSH $u http://id.loc.gov/authorities/subjects/sh85046901 $d 2017-02-09
999    $a FRBNF119591340 $b 11959134

