00943cx  a2200265   4500
001 18111
003 http://catalogue.bnf.fr/ark:/12148/cb119184483
005 20240518072651.0
010    $a 0000000026581713 $2 VIAF $d 20130724
033    $a http://catalogue.bnf.fr/ark:/12148/cb119184483
035    $a FRBNF119184483
039    $o OPL $a 001187930
100    $a 19790525afrey50      ba0
101    $a fre
102    $a FR
103    $a  19491209           
105    $a a
106    $a 1  
200    $7 ba0yba0y $8 fre    $9  0  $a Paire $b Alain $f 1949-....
300 0  $a Poète. - Critique d'art au "Provençal" (en 1991). - A également publié des recueils de proverbes sous les pseudonymes de Gérard et Alain Labrunie
500    $5 z $0 Voir aussi $3 12419115 $7 ba0yba0y $8 fre    $9  0  $a Labrunie $b Alain
801    $a FR $b FR-751131015 $c 20161005
810    $a La Vieille Charité de Marseille / Alain Paire, 1991
999    $a FRBNF119184483 $b 11918448
152    $b NP

