01160cx  a2200313   4500
001 18255
003 http://catalogue.bnf.fr/ark:/12148/cb12141685j
005 20240518072725.0
010    $a 0000000116725581 $2 VIAF $d 20130725
033    $a http://catalogue.bnf.fr/ark:/12148/cb12141685j
035    $a FRBNF121416857
039    $o OPL $a 004978526
039    $o OPP $a 14051908 $d 20140922
039    $o OPP $a 11498017 $d 20140922
100    $a 19900313afrey50      ba0
101    $a fre
102    $a FR
103    $a  19..               
105    $a a $a p
106    $a 1  
120    $a a
200    $7 ba0yba0y $8 fre    $9  0  $a Blot-Labarrère $b Christiane
300 0  $a Agrégée de lettres. - Maître de conférences à l'Université de Nice-Sophia Antipolis (en 1992)
400    $7 ba0yba0y $8 fre    $9     $a Labarrère $b Christiane Blot-
400    $7 ba0yba0y $8 fre    $9     $a Blot $b Christiane
801    $a FR $b FR-751131015 $c 20200713
810    $a Marguerite Duras / par Christiane Blot-Labarrère, 1992 $a Relation de la faute de l'Eros et de la mort dans l'oeuvre romanesque de Pierre-Jean Jouve / Christiane Blot, 1961
999    $a FRBNF121416857 $b 12141685
152    $b NP

