01332cx  a2200325   4500
001 18382
003 http://catalogue.bnf.fr/ark:/12148/cb13896199f
005 20240518075653.0
010    $a 0000000121003313 $2 VIAF $d 20130731
033    $a http://catalogue.bnf.fr/ark:/12148/cb13896199f
035    $a FRBNF138961997
039    $o OPP $a 15470475 $d 20130823
100    $a 19890601afrey50      ba0
102    $a BE
103    $a  19440216           
105    $a a $a i $a p
106    $a 010
120    $a b
152    $c 2 $b NP
200    $7 ba0yba0y $8 fre    $9  0  $a Kuijken $b Sigiswald $f 1944-....
300    $a Violoniste, altiste, violiste et chef d'orchestre
510    $5 xxxk $0 Membre de :  $3 13903221 $7 ba0yba0y $8 fre    $9 20  $a Ensemble Alarius
510    $5 xxxz $0 Dirige :  $3 13905729 $7 ba0yba0y $8 fre    $9 20  $a La Petite bande
510    $5 xxxk $0 Membre de :  $3 13965686 $7 ba0yba0y $8 fre    $9 20  $a Kuijken Quartet
510    $5 xxxz $0 Dirige :  $3 13933947 $7 ba0yba0y $8 fre    $9 20  $a La Petite bande $b Choeur
801    $a FR $b FR-751131015 $c 20170320
810    $a Partenope [Enregistrement sonore] / Handel, comp. ; Sigiswald Kuijken, dir. Deutsche Harmonia mundi  88697529972
810    $a Grove music online - http://www.oxfordmusiconline.com (2005-03-18)
856    $u http://www.oxfordmusiconline.com/ $e 2005-03-18
999    $a FRBNF138961997 $b 13896199

