00698nx  a2200241   4500
001 18528
003 http://catalogue.bnf.fr/ark:/12148/cb12120603q
005 20240518073331.0
010    $a 0000000073585266 $2 VIAF $d 20130725
033    $a http://catalogue.bnf.fr/ark:/12148/cb12120603q
035    $a FRBNF12120603X
039    $o OPL $a 004673923
100    $a 19890802afrey50      ba0
101    $a eng
102    $a GB
105    $a a
106    $a 1  
152    $c 2 $b NP
200    $7 ba0yba0y $8 fre    $9  0  $a Turnbull $b Ann
300 0  $a Auteur d'ouvrages pour la jeunesse
801    $a FR $b FR-751131015 $c 19890802
810    $a Le Cheval de sable / texte de A. Turnbull, 1989
999    $a FRBNF12120603X $b 12120603

