01012cx  a2200289   4500
001 18680
003 http://catalogue.bnf.fr/ark:/12148/cb12353761v
005 20240518073410.0
010    $a 0000000066462612 $2 VIAF $d 20130726
033    $a http://catalogue.bnf.fr/ark:/12148/cb12353761v
035    $a FRBNF123537619
039    $o OPL $a 009495976
100    $a 19931208afrey50      ba0
101    $a fre
102    $a FR
103    $a  19..               
105    $a a
106    $a 1  
120    $a a
200    $7 ba0yba0y $8 fre    $9  0  $a Rotnemer $b Dory
300 0  $a Docteur ès sciences
400    $7 ba0yba0y $8 fre    $9     $a Rotnemer-Ouaknin $b Dory
400    $7 ba0yba0y $8 fre    $9     $a Ouaknin $b Dory Rotnemer-
801    $a FR $b FR-751131015 $c 20040920
810    $a Le promeneur de Jérusalem / Marc-Alain Ouaknin, Dory Rotnemer, 1995 $a La nouvelle bible de l'humour juif / Dory Rotnemer-Ouaknin, 1999- $a Tout l'humour juif / Marc-Alain Ouaknin, Dory Rotnemer, 2001
999    $a FRBNF123537619 $b 12353761
152    $b NP

