00900cx  a2200289   4500
001 18827
003 http://catalogue.bnf.fr/ark:/12148/cb120406765
005 20240508024908.0
010    $a 0000000121303084 $2 VIAF $d 20130724
033    $a http://catalogue.bnf.fr/ark:/12148/cb120406765
035    $a FRBNF120406760
039    $o OPL $a 003342386
039    $o OPP $a 14017033 $d 20070308
100    $a 19860101afrey50      ba0
101    $a fre
102    $a FR
103    $a  19270824           
105    $a a
106    $a 1  
120    $a a
200    $7 ba0yba0y $8 fre    $9  0  $a Huriet $b Geneviève $f 1927-....
300 0  $a Auteur de livres pour enfants
801    $a FR $b FR-751131015 $c 20070308
810    $a Mistouflet Passiflore et le baobab / G. Huriet, L. Jouannigot, 1989
810    $a Guide des auteurs du livre de jeunesse français, 1989, p. 149
999    $a FRBNF120406760 $b 12040676
152    $b NP

