01635cx  a2200289   4500
001 18988
003 http://catalogue.bnf.fr/ark:/12148/cb11960461d
005 20240519075258.0
033    $a http://catalogue.bnf.fr/ark:/12148/cb11960461d
035    $a FRBNF119604617
039    $o OPL $a 001904613
100    $a 19840124afrey50      ba0
106    $a 211
152    $b SNC $c 2
159    $a rameau
250    $7 ba0yba0y $8 fre    $9     $a Judaïsme $x Relations -- Islam
330    $a Sous cette vedette, on trouve les documents sur les relations entre religions. Les documents sur les conflits entre les pays arabes et Israël se trouvent sous Conflits israélo-arabes. Les documents sur l'ensemble des relations entre Arabes et Juifs, y compris les relations religieuses, ethniques et idéologiques, se trouvent sous Relations Juifs-Arabes, éventuellement suivie de dates
330    $a A l'indexation, on établit une vedette-matière additionnelle inversée
550    $5 z $0 Voir aussi $3 11955326 $7 ba0yba0y $8 fre    $9     $a Coran $x Relation avec la Bible
550    $5 z $0 Voir aussi $3 11960458 $7 ba0yba0y $8 fre    $9     $a Islam $x Relations -- Judaïsme
550    $5 h $3 17011755 $7 ba0yba0y $8 fre    $9     $a Islamisme et antisémitisme
550    $5 g $3 12231920 $7 ba0yba0y $8 fre    $9     $a Judaïsme $x Relations
686    $a 200 $c Religion (ouvrages généraux et comparatifs) $2 Note de regroupement par domaine
801    $a FR $b FR-751131015 $c 20130131
822 12 $a Judaïsme -- Relations -- Islam $2 RVMLaval $d 2013-01-31
822 1  $a Judaism--Relations--Islam $2 LCSH $u http://id.loc.gov/authorities/subjects/sh87002536 $d 2017-02-09
999    $a FRBNF119604617 $b 11960461

