00555cx  a2200193   4500
001 19126
003 http://catalogue.bnf.fr/ark:/12148/cb11941099t
005 20240515042404.0
033    $a http://catalogue.bnf.fr/ark:/12148/cb11941099t
035    $a FRBNF11941099X
039    $o OPL $a 001644101
100    $a 19810901afrey50      ba0
106    $a 200
152    $b SNG $c 2
159    $a rameau
215    $7 ba0yba0y $8 fre    $9     $a Fresnes (Val-de-Marne, France)
801    $a FR $b FR-751131015 $c 19891212
810    $a Dict. communes, 1984
999    $a FRBNF11941099X $b 11941099

