01642cx  a2200373   4500
001 19273
003 http://catalogue.bnf.fr/ark:/12148/cb11931863t
005 20240519020025.0
033    $a http://catalogue.bnf.fr/ark:/12148/cb11931863t
035    $a FRBNF119318637
039    $o OPL $a 00152631X
100    $a 19810211afrey50      ba0
106    $a 211
152    $b SNC $c 2
159    $a rameau
250    $7 ba0yba0y $8 fre    $9     $a Désir
450    $7 ba0yba0y $8 fre    $9     $a Appétence
550    $5 z $0 Voir aussi $3 18031466 $7 ba0yba0y $8 fre    $9     $a Objet a
550    $5 z $0 Voir aussi $3 11969368 $7 ba0yba0y $8 fre    $9     $a Besoin $x psychologie
550    $5 z $0 Voir aussi $3 12109978 $7 ba0yba0y $8 fre    $9     $a Désir $x philosophie
550    $5 z $0 Voir aussi $3 12066676 $7 ba0yba0y $8 fre    $9     $a Intention
550    $5 z $0 Voir aussi $3 12254648 $7 ba0yba0y $8 fre    $9     $a Jouissance $x psychanalyse
550    $5 z $0 Voir aussi $3 12050215 $7 ba0yba0y $8 fre    $9     $a Libido
550    $5 z $0 Voir aussi $3 12447497 $7 ba0yba0y $8 fre    $9     $a Phallus $x psychanalyse
550    $5 h $3 15887671 $7 ba0yba0y $8 fre    $9     $a Désir d'enfant
550    $5 h $3 12517198 $7 ba0yba0y $8 fre    $9     $a Formation substitutive
550    $5 g $3 11940849 $7 ba0yba0y $8 fre    $9     $a Psychologie
686    $a 150 $c Psychologie, psychanalyse $2 Note de regroupement par domaine
801    $a FR $b FR-751131015 $c 20180228
810    $a Grand Larousse universel
810    $a Dict. encyclopédique de psychologie / N. Sillamy, 1980
822 12 $a Desire $2 LCSH $u http://id.loc.gov/authorities/subjects/sh85037214 $d 2018-02-28
822 12 $a Désir $2 RVMLaval $d 2018-02-28
999    $a FRBNF119318637 $b 11931863

