00862cx  a2200265   4500
001 19425
003 http://catalogue.bnf.fr/ark:/12148/cb15069109n
005 20240515074237.0
010    $a 0000000002005551 $2 ISNI $d 20160216
033    $a http://catalogue.bnf.fr/ark:/12148/cb15069109n
035    $a FRBNF150691094
100    $a 20060530afrey50      ba0
102    $a US
103    $a  19..               
105    $a a
106    $a 1  
120    $a b
152    $c 2 $b NP
200    $7 ba0yba0y $8 fre    $9  0  $a Nassim $b Kokie
300 0  $a Réalisateur
801    $a FR $b FR-751131015 $c 20061207
810    $a Breaking versus krumping [Images animées] / Kokie Nassim, réal. la Fabrique de Films, [2006]
810    $a IMDB - http://www.imdb.com/name/nm1069922 (2006-12-07)
856    $u http://www.imdb.com/name/nm1069922/ $e 2006-12-07
999    $a FRBNF150691094 $b 15069109

