01477cx  a2200301   4500
001 19599
003 http://catalogue.bnf.fr/ark:/12148/cb138975090
005 20240511063103.0
010    $a 0000000116181617 $2 VIAF $d 20131024
033    $a http://catalogue.bnf.fr/ark:/12148/cb138975090
035    $a FRBNF138975096
100    $a 19890601afrey50      ba0
102    $a US
103    $a  19470905  20080226 
105    $a a $a i
106    $a 1  
120    $a b
152    $c 2 $b NP
200    $7 ba0yba0y $8 fre    $9  0  $a Miles $b Buddy $f 1947-2008
300 0  $a Chanteur, batteur, guitariste, organiste, bassiste de rhythm and blues, influencé par le rock et la soul music. - Fils de George Sr. Miles, bassiste de jazz. - Forme le groupe Buddy Miles Express en 1968, et le réunit de nouveau en 1994 pour l'album "Hell and back". - A participé au Jimi Hendrix Experience
300 0  $a État-civil : George Miles
301    $a Omaha (Neb.) $b Austin (Tex.)
510    $5 xxxk $0 Membre de :  $3 14262034 $7 ba0yba0y $8 fre    $9 20  $a The Band of Gypsys
801    $a FR $b FR-751131015 $c 20100310
810    $a The best of Buddy Miles / Mercury-Chronicles 5103102
810    $a LC authorities - http://authorities.loc.gov $a AMG - http://www.allmusic.com (2004-07-26) $a Wikipedia - http://fr.wikipedia.org/wiki/Buddy_Miles (2008-06-03)
856    $u http://authorities.loc.gov $u http://www.allmusic.com/ $e 2004-07-26 $u http://fr.wikipedia.org/wiki/Buddy_Miles $e 2008-06-03
999    $a FRBNF138975096 $b 13897509

