01113cx  a2200277   4500
001 19735
003 http://catalogue.bnf.fr/ark:/12148/cb119119641
005 20240518074824.0
010    $a 0000000026806193 $2 VIAF $d 20130724
033    $a http://catalogue.bnf.fr/ark:/12148/cb119119641
035    $a FRBNF119119642
039    $o OPL $a 001012692
100    $a 19800612afrey50      ba0
101    $a fre
102    $a FR
103    $a  19051108  19910717 
105    $a a
106    $a 1  
200    $7 ba0yba0y $8 fre    $9  0  $a Leclercq $b Georges $f 1905-1991
300 0  $a Prélat du Diocèse de Lille (ordonné prêtre en 1928). - Recteur des Facultés catholiques de Lille (1959-1968). - Secrétaire général de la Fédération internationale des universités catholiques (1963-1975). - Docteur en philosophie et en théologie
801    $a FR $b FR-751131015 $c 19920710
810    $a Morale ou moralisme ? : approches chrétiennes / Georges Leclercq, 1979
810    $a Annuaire - Diocèse de Lille 1990 et 1992 $a WW, France 1977/1978
815    $a BN Cat. gén. 1960-1969
999    $a FRBNF119119642 $b 11911964
152    $b NP

