01047cx  a2200301   4500
001 19873
003 http://catalogue.bnf.fr/ark:/12148/cb14196242p
005 20240518074856.0
010    $a 0000000107730952 $2 ISNI $d 20170818
033    $a http://catalogue.bnf.fr/ark:/12148/cb14196242p
035    $a FRBNF141962422
039    $o OPP $a 13830654 $d 20060410
039    $o OPP $a 14196247 $d 20060410
100    $a 20030310afrey50      ba0
102    $a US
103    $a  19381116           
105    $a a $a i
106    $a 1  
120    $a b
152    $c 2 $b NP
200    $7 ba0yba0y $8 fre    $9  0  $a Landry $b Richard $f 1938-....
300 0  $a Saxophoniste. - Compositeur
400    $5 e $7 ba0yba0y $8 fre    $9     $a Landry $b Dickie $f 1938-....
801    $a FR $b FR-751131015 $c 20150930
810    $a Music in twelve parts [Enregistrement sonore] / Philip Glass, comp. ; Dickie Landry, saxo. Caroline CA2010
810    $a LC authorities - http://authorities.loc.gov (2006-03-10)
856    $u http://authorities.loc.gov/ $e 2006-03-10
999    $a FRBNF141962422 $b 14196242

