00823nx  a2200241   4500
001 20008
003 http://catalogue.bnf.fr/ark:/12148/cb123977620
005 20240518074928.0
033    $a http://catalogue.bnf.fr/ark:/12148/cb123977620
035    $a FRBNF123977629
039    $o OPL $a 010268908
100    $a 19940607afrey50      ba0
101    $a fre
102    $a FR
105    $a a
106    $a 1  
150    $a a $b   81
210    $7 ba0yba0y $8 fre    $9 20  $a France $b Programme Construction sociale de l'urbanité et gestion des espaces publics
410    $7 ba0yba0y $8 fre    $9     $a France $b Plan urbain $b Programme Construction sociale de l'urbanité et gestion des espaces publics
801    $a FR $b FR-751131015 $c 19940607
810    $a Les Images publiques de l'immigration, 1993
999    $a FRBNF123977629 $b 12397762
152    $b CO

