00931cx  a2200277   4500
001 20167
003 http://catalogue.bnf.fr/ark:/12148/cb13950783m
005 20240515055352.0
033    $a http://catalogue.bnf.fr/ark:/12148/cb13950783m
035    $a FRBNF139507830
039    $o OPP $a 13849412 $d 20120712
100    $a 19921127afrey50      ba0
102    $a DE
105    $a i
106    $a 1  
150    $a y $b v8  
152    $c 2 $b CO
210    $7 ba0yba0y $8 fre    $9 20  $a Westfalische Kantorei $c Herford, Allemagne
300 0  $a Choeur
303    $a Parkstraße 6, 32049 Herford
307    $a Haake, Hildebrand, chef de choeur
410    $7 ba0yba0y $8 fre    $9     $a Westfalische Kantorei $c Erfurt, Allemagne
500    $5 z $0 Dirigé par :  $3 14184579 $7 ba0yba0y $8 fre    $9  0  $a Haake $b Hildebrand $f 1960-
801    $a FR $b FR-751131015 $c 20120712
856    $u http://www.westfaelische-kantorei.de $e 2012-07-12
999    $a FRBNF139507830 $b 13950783

