01148cx  a2200337   4500
001 20337
003 http://catalogue.bnf.fr/ark:/12148/cb12036695p
005 20240518075541.0
010    $a 0000000081224612 $2 ISNI $d 20170818
033    $a http://catalogue.bnf.fr/ark:/12148/cb12036695p
035    $a FRBNF12036695X
039    $o OPL $a 010452192 $z AMA
039    $o OPL $a 003227697 $z APP
039    $o OPP $a 11124486 $d 20160107
039    $o OPP $a 11518796 $d 20160107
100    $a 19860101afrey50      ba0
101    $a ger
102    $a XX
103    $a  189202    19550312 
105    $a a $a i
106    $a 010
120    $a b
152    $c 2 $b NP
200    $7 ba0yba0y $8 fre    $9  0  $a Plievier $b Theodor $f 1892-1955
300    $a Romancier, publiciste
400    $5 e $7 ba0yba0y $8 fre    $9     $a Plivier $b Theodor $f 1892-1955
801    $a FR $b FR-751131015 $c 20180110
810    $a Das grosse Abenteuer / Theodor Plivier, 1936 $a Stalingrad / Theodor Plievier, 1948
810    $a Kosch : donne comme date de naissance 01-02-1892 $a Brockaus, 18. Aufl. : donne comme date de naissance 12-02-1892 $a GDEL
810    $a BN Cat. gén.
999    $a FRBNF12036695X $b 12036695

