01283cx  a2200313   4500
001 20502
003 http://catalogue.bnf.fr/ark:/12148/cb138996192
005 20240519033809.0
010    $a 000000008120999X $2 VIAF $d 20130731
033    $a http://catalogue.bnf.fr/ark:/12148/cb138996192
035    $a FRBNF138996197
039    $o OPP $a 14823353 $d 20061026
039    $o OPP $a 13811396 $d 20061026
039    $o OPP $a 13839639 $d 20061026
100    $a 19890601afrey50      ba0
102    $a US
103    $a  19390313           
105    $a a $a i
106    $a 1  
120    $a b
152    $c 2 $b NP
200    $7 ba0yba0y $8 fre    $9  0  $a Sedaka $b Neil $f 1939-....
300 0  $a Chanteur de rock teen idol
301    $a New York (N.Y.)
801    $a FR $b FR-751131015 $c 20091030
810    $a Oh Carol ! [Enregistrement sonore] : [extrait de] les disques d'or de la pop music / Tennesse Ernie Ford, Elvis Presley, Neil Sedaka... [et al.], chant. Selection du Reader's digest selection musique 554
810    $a LC authorities - http://authorities.loc.gov (2006-10-26) $a AMG - http://www.allmusic.com (2009-10-29) $a Faber, 1990 $a Dictionnaire du rock / Michka Assayas, 2000
856    $u http://authorities.loc.gov $e 2006-10-26 $u http://www.allmusic.com/ $e 2009-10-29
999    $a FRBNF138996197 $b 13899619

