00969cx  a2200301   4500
001 20793
003 http://catalogue.bnf.fr/ark:/12148/cb139361772
005 20240518075710.0
010    $a 0000000081817362 $2 VIAF $d 20130731
033    $a http://catalogue.bnf.fr/ark:/12148/cb139361772
035    $a FRBNF139361770
039    $o OPL $a 008968885
100    $a 19910327afrey50      ba0
101    $a eng
102    $a GB
103    $a  19440127  20041202 
105    $a a $a i
106    $a 010
120    $a b
152    $c 2 $b NP
200    $7 ba0yba0y $8 fre    $9  0  $a Coyne $b Kevin $f 1944-2004
300    $a Chanteur et guitariste de rock. - Peintre et écrivain
301    $a Derby (GB) $b Nuremberg (Allemagne)
801    $a FR $b FR-751131015 $c 20100804
810    $a The party dress / Kevin Coyne, 1990
810    $a Monde, 2004-12-07 $a Classic-rock - http://www.classic-rock.be (2005-01-03)
856    $u http://www.classic-rock.be $e 2005-01-03
999    $a FRBNF139361770 $b 13936177

