01082cx  a2200289   4500
001 20946
003 http://catalogue.bnf.fr/ark:/12148/cb139313464
005 20240519020140.0
010    $a 0000000073652000 $2 VIAF $d 20130731
033    $a http://catalogue.bnf.fr/ark:/12148/cb139313464
035    $a FRBNF139313462
100    $a 19901119afrey50      ba0
102    $a US
103    $a  19410124           
105    $a i $a p
106    $a 1  
120    $a b
152    $c 2 $b NP
200    $7 ba0yba0y $8 fre    $9  0  $a Neville $b Aaron $f 1941-....
300 0  $a Chanteur de musique soul
301    $a Nouvelle Orléans (La.)
510    $5 xxxk $0 Membre de :  $3 13923845 $a Neville Brothers
801    $a FR $b FR-751131015 $c 20070731
810    $a Nature boy [Enregsitrement sonore] : the standards album / Aaron Neville, chant. Verve 0044007606223
810    $a LC authorities - http://authorities.loc.gov (2006-03-09) $a AMG - http://allmusic.com (2000-05-19) $a WW in soul music
856    $u http://authorities.loc.gov $e 2006-03-09 $u http://allmusic.com $e 2000-05-19
999    $a FRBNF139313462 $b 13931346

