01154cx  a2200289   4500
001 21093
003 http://catalogue.bnf.fr/ark:/12148/cb11978945p
005 20240514034535.0
033    $a http://catalogue.bnf.fr/ark:/12148/cb11978945p
035    $a FRBNF119789450
039    $o OPL $a 002164411
100    $a 19850707afrey50      ba0
106    $a 211
152    $b SNC $c 2
159    $a rameau
250    $7 ba0yba0y $8 fre    $9     $a Maîtrise de soi
450    $7 ba0yba0y $8 fre    $9     $a Contrôle de soi
550    $5 z $0 Voir aussi $3 13561049 $7 ba0yba0y $8 fre    $9     $a Modération
550    $5 z $0 Voir aussi $3 11979133 $7 ba0yba0y $8 fre    $9     $a Courage
550    $5 z $0 Voir aussi $3 11933036 $7 ba0yba0y $8 fre    $9     $a Patience
550    $5 g $3 11979352 $7 ba0yba0y $8 fre    $9     $a Contrôle (psychologie)
550    $5 g $3 11975987 $7 ba0yba0y $8 fre    $9     $a Discipline
686    $a 150 $c Psychologie, psychanalyse $2 Note de regroupement par domaine
801    $a FR $b FR-751131015 $c 19970130
822 12 $a Maîtrise de soi $2 RVMLaval $d 1997-01-30
822 1  $a Self-control $2 LCSH $u http://id.loc.gov/authorities/subjects/sh85119718 $d 2017-02-09
999    $a FRBNF119789450 $b 11978945

