00895cx  a2200241   4500
001 21245
003 http://catalogue.bnf.fr/ark:/12148/cb14231393k
005 20240508072620.0
010    $a 0000000080063538 $2 VIAF $d 20130801
033    $a http://catalogue.bnf.fr/ark:/12148/cb14231393k
035    $a FRBNF142313935
100    $a 20030310afrey50      ba0
102    $a AT
103    $a  19..               
105    $a i
106    $a 1  
120    $a a
152    $c 2 $b NP
200    $7 ba0yba0y $8 fre    $9  0  $a Taconnet $b Aline
300 0  $a Musicienne. - Joue du cithare à cordes frappées
801    $a FR $b FR-751131015 $c 20100623
810    $a Danses tyroliennes [Enregistrement sonore] / interprété par Aline Taconnet, cithare à cordes frappées ; Christian Vistoky, accordéon à boutons ; Jean-Claude Ollier, cithare à cordes pincées. Air mail music SA 141177
999    $a FRBNF142313935 $b 14231393

