02914cx  a2200409   4500
001 21398
003 http://catalogue.bnf.fr/ark:/12148/cb13984776x
005 20240519020334.0
010    $a 0000000108587510 $2 VIAF $d 20130731
033    $a http://catalogue.bnf.fr/ark:/12148/cb13984776x
035    $a FRBNF139847765
100    $a 19951221afrey50      ba0
102    $a RU
103    $a  19371130  20221222 
105    $a a $a i $c a $c s
106    $a 1  
120    $a b
152    $c 2 $b NP
200    $7 ba0yba0a $8 frerus $9  0  $a Artemʹev $b Èduard Nikolaevič $f 1937-2022
300 0  $a Compositeur. - Auteur notamment de bandes originales de films. - Fondateur de l'Association russe de musique électroaccoustique (1990)
301    $a Novossibirsk (Russie) $b Moscou (Russie)
400    $7 ba0yba0f $8 fre    $9     $a Artem'ev $b E.
400    $7 ba0yba0f $8 fre    $9     $a Artemiev $b Edouard
400    $7 ba0yba0f $8 fre    $9     $a Artemiev $b Eduard
400    $7 ba0yba0f $8 fre    $9     $a Artemiev $b Edward
400    $7 ba0yba0f $8 fre    $9     $a Artemiov $b Edouard
400    $7 ba0yba0f $8 fre    $9     $a Artemyev $b Edouard
400    $7 ba0yba0f $8 fre    $9     $a Artemyev $b Eduard
400    $7 ba0yba0f $8 fre    $9     $a Artemyev $b Edward
400    $7 ba0yba0f $8 fre    $9     $a Artemyev $b Edward Nicolay
700    $7 ba0yca0y $8 frerus $9  0  $a Артемьев $b Эдуард Николаевич $f 1937-2022
801    $a FR $b FR-751131015 $c 20230126
810    $a Warmth of earth [Enregistrement sonore] / Eduard Artemiev, comp., 2002 $a The barber of Siberia : original motion picture soundtrack [Musique exécutée : audio] / music by Edward Nicolay Artemyev ; the Cinema symphonic orchestra of Russian federation ; Dimitry Atowmian, Sergey Skipka, dir., 1999 $a Solaris [Image animée : vidéo] / Andreï Tarkovski réal., scénario ; Stanislas Lem, aut. adapté ; Edouard Artémiov, comp., 2012 $a Le cercle des intimes [Image animée : vidéo] / Andrei Konchalovsky, réal., scénario ; Anatoli Usov, scénario ; Eduard Artemyev, comp., 1992 $a The odyssey [Image animée : vidéo] / Andrei Konchalovsky, réal. ; Homère, aut. adapté ; Edward Artemyev, comp., 2010 $a Kader [Image animée : vidéo] / Zeki Demirkubuz, réal., scénario ; Edward Artemiev, comp., 2012 $a Maman ; Père [Image animée : vidéo] / Nikita Mikhalkov, réal., scénario ; Edouard Artemiev, comp., 2006 $a Mensonges [Image animée : vidéo] / Gérard Cairaschi, réal. ; Edouard Artemyev, comp., 2008 $a Muzykal'noe prinosenie [Musique exécutée : audio] / O. Buloskin, S. Gubajdulina, E. Artem'ev... [et al.], comp., 1990
810    $a IMDb - https://www.imdb.com/name/nm0005949/?ref_=fn_al_nm_1 (2017-12-12) (2022-12-30) (2017-11-29) $a Le Monde, 2023-01-04 [nécrologie]
810    $a BnF Service Littératures du monde (russe), 2023-01-26
856    $u https://www.imdb.com/name/nm0005949/?ref_=fn_al_nm_1 $e 2017-12-12 $e 2022-12-30 $e 2017-11-29
999    $a FRBNF139847765 $b 13984776

