01215cx  a2200301   4500
001 21536
003 http://catalogue.bnf.fr/ark:/12148/cb12606600k
005 20240509032332.0
010    $a 0000000120272626 $2 VIAF $d 20131024
033    $a http://catalogue.bnf.fr/ark:/12148/cb12606600k
035    $a FRBNF126066001
039    $o OPL $a 000777223
039    $o OPL $a 000777216
039    $o OPP $a 12606599 $d 20070926
100    $a 19791002afrey50      ba0
101    $a fre
102    $a FR
103    $a  19340906           
105    $a a
106    $a 1  
120    $a a
200    $7 ba0yba0y $8 fre    $9  0  $a Fouriscot $b Mick $f 1934-....
300 0  $a Présidente fondatrice du Centre d'enseignement de la dentelle au fuseau du Puy et de l'Organisation internationale de la dentelle à l'aiguille et au fuseau. - Président déléguée général de la Fédération française des dentelles et broderies (en 1998)
801    $a FR $b FR-751131015 $c 20070926
810    $a Modèles de dentelles au fuseau Cluny / Mick Fouriscot, Mylène Salvador, 1996 $a Jours anciens de Cilaos : Île de la Réunion / Mick Fouriscot, Suzanne Maillot, 1998
810    $a WW, France 1997-1998
999    $a FRBNF126066001 $b 12606600
152    $b NP

