01902cx  a2200361   4500
001 21686
003 http://catalogue.bnf.fr/ark:/12148/cb135162866
005 20240519074037.0
033    $a http://catalogue.bnf.fr/ark:/12148/cb135162866
035    $a FRBNF135162867
039    $o OPL $a 00160313X
100    $a 19830804afrey50      ba0
106    $a 211
152    $b SNC $c 2
159    $a rameau
250    $7 ba0yba0y $8 fre    $9     $a Éducation des filles
450    $7 ba0yba0y $8 fre    $9     $a Éducation féminine
450    $7 ba0yba0y $8 fre    $9   2 $a Filles $x Éducation
450    $7 ba0yba0y $8 fre    $9     $a Jeunes filles $x Éducation
550    $5 z $0 Voir aussi $3 11944019 $7 ba0yba0y $8 fre    $9     $a Différences entre sexes en éducation
550    $5 z $0 Voir aussi $3 13318447 $7 ba0yba0y $8 fre    $9     $a Éducation des femmes
550    $5 z $0 Voir aussi $3 16250831 $7 ba0yba0y $8 fre    $9     $a Éducation des garçons
550    $5 z $0 Voir aussi $3 11931405 $7 ba0yba0y $8 fre    $9     $a Filles
550    $5 h $3 11964941 $7 ba0yba0y $8 fre    $9     $a Éducation physique et sportive féminine
550    $5 h $3 13340868 $7 ba0yba0y $8 fre    $9     $a Collèges féminins
550    $5 h $3 11960100 $7 ba0yba0y $8 fre    $9     $a Éducation sexuelle des filles
550    $5 h $3 13318844 $7 ba0yba0y $8 fre    $9     $a Filles $x Livres et lecture
550    $5 h $3 12647896 $7 ba0yba0y $8 fre    $9     $a Succès scolaire $x Différences entre sexes
550    $5 g $3 13318807 $7 ba0yba0y $8 fre    $9     $a Éducation
686    $a 370 $c Education et enseignement $2 Note de regroupement par domaine
801    $a FR $b FR-751131015 $c 20121128
810    $a Dict. de l'éducation / A. van Zanten, 2008 (art. : Filles (Éducation des)) $a L'Éducation des filles : documents présentés / J. Gougaud, 2002 $a L'éducation des jeunes filles nobles en Europe : XVIIe-XVIIIe siècles : études réunies / C. Grell, A. Ramière de Fortanier, 2004
999    $a FRBNF135162867 $b 13516286

