01313cx  a2200301   4500
001 21839
003 http://catalogue.bnf.fr/ark:/12148/cb12652369s
005 20240519074106.0
033    $a http://catalogue.bnf.fr/ark:/12148/cb12652369s
035    $a FRBNF126523699
039    $o OPL $a 001992136
100    $a 19850218afrey50      ba0
106    $a 211
152    $b SNC $c 2
159    $a rameau
250    $7 ba0yba0y $8 fre    $9     $a Survie en milieu sauvage
450    $7 ba0yba0y $8 fre    $9     $a Survie en forêt
450    $7 ba0yba0y $8 fre    $9     $a Survie en plein air
550    $5 z $0 Voir aussi $3 14454220 $7 ba0yba0y $8 fre    $9     $a Survivalisme
550    $5 z $0 Voir aussi $3 11982090 $7 ba0yba0y $8 fre    $9     $a Aliments sauvages
550    $5 z $0 Voir aussi $3 11949478 $7 ba0yba0y $8 fre    $9   2 $a Équipement de survie
550    $5 h $3 11933212 $7 ba0yba0y $8 fre    $9   2 $a Survie (après accidents d'avion, naufrages, etc.)
550    $5 h $3 11969126 $7 ba0yba0y $8 fre    $9   2 $a Survie en zone de combat
686    $a 610 $c Sciences médicales et paramédicales $2 Note de regroupement par domaine
801    $a FR $b FR-751131015 $c 20010924
822 12 $a Survie en milieu sauvage $2 RVMLaval $d 2001-09-24
822 1  $a Wilderness survival $2 LCSH $u http://id.loc.gov/authorities/subjects/sh85146719 $d 2017-02-09
999    $a FRBNF126523699 $b 12652369

