01227cx  a2200349   4500
001 21995
003 http://catalogue.bnf.fr/ark:/12148/cb140368976
005 20240516032148.0
010    $a 0000000110250247 $2 VIAF $d 20130801
033    $a http://catalogue.bnf.fr/ark:/12148/cb140368976
035    $a FRBNF140368979
039    $o OPL $a 000996217
039    $o OPP $a 13801645 $d 20070917
039    $o OPP $a 14687238 $d 20070917
039    $o OPP $a 14766247 $d 20070917
039    $o OPP $a 12618842 $d 20070917
100    $a 20010111afrey50      ba0
102    $a US
103    $a  19170714  20110505 
105    $a a
106    $a 1  
120    $a b
152    $c 2 $b NP
200    $7 ba0yba0y $8 fre    $9  0  $a Laurents $b Arthur $f 1917-2011
300 0  $a Scénariste. - Librettiste
301    $a New York $b New York
540    $3 13908546 $a Bernstein $b Leonard $f 1918-1990 $t [West Side story]
801    $a FR $b FR-751131015 $c 20120913
810    $a Nos plus belles années [Images animées] / Sydney Pollack ; Arthur Laurents, scénario. Gaumont Columbia Tristar home video, 1973
810    $a IMDb - http://www.imdb.com/name/nm0491306 (2011-05-06)
856    $u http://www.imdb.com/name/nm0491306/ $e 2011-05-06
999    $a FRBNF140368979 $b 14036897

