00995cx  a2200313   4500
001 22321
003 http://catalogue.bnf.fr/ark:/12148/cb11890328r
005 20240516030628.0
010    $a 0000000121477471 $2 ISNI $d 20131217
033    $a http://catalogue.bnf.fr/ark:/12148/cb11890328r
035    $a FRBNF118903285
039    $o OPL $a 012580778 $z AMA
039    $o OPL $a 000439104 $z APP
039    $o OPP $a 13988362 $d 20130606
039    $o OPP $a 11564576 $d 20130606
100    $a 19760318afrey50      ba0
101    $a fre
102    $a FR
103    $a  19330510           
105    $a a
106    $a 010
120    $a b
200    $7 ba0yba0y $8 fre    $9  0  $a Barreau $b Jean-Claude $f 1933-....
300    $a Prêtre (1960-1971). - Écrivain. - Inspecteur général de l' Éducation nationale (en 1988). - Diplomate
801    $a FR $b FR-751131015 $c 20130606
810    $a Du bon gouvernement / J.-C. Barreau, 1988
810    $a BN Cat. gén. 1960-1970
999    $a FRBNF118903285 $b 11890328
152    $b NP

