01285cx  a2200325   4500
001 22445
003 http://catalogue.bnf.fr/ark:/12148/cb12013740j
005 20240513043744.0
010    $a 0000000108567261 $2 VIAF $d 20130724
033    $a http://catalogue.bnf.fr/ark:/12148/cb12013740j
035    $a FRBNF120137406
039    $o OPL $a 004876197 $z AMA
039    $o OPL $a 00258694X $z APP
100    $a 19840420afrey50      ba0
101    $a fre
102    $a FR
103    $a  18810306  19551020 
105    $a a
106    $a 010
200    $7 ba0yba0y $8 fre    $9  0  $a Grasset $b Bernard $f 1881-1955
300    $a Editeur. - Docteur en droit (Montpellier, 1905)
301    $a Chambéry (Haute-Savoie) $b Paris (France)
510    $5 xxxz $0 Fondateur de $3 12043076 $7 ba0yba0y $8 fre    $9 20  $a Éditions Grasset et Fasquelle
686    $a 020 $c Sciences de l'information $2 Note de regroupement par domaine
801    $a FR $b FR-751131015 $c 20181011
810    $a Essai de critique indirecte / Jean Cocteau ; introd. par Bernard Grasset, 1932
810    $a GDEL $a Quotidien de Paris, 1989-10-25, Quodidien des lettres, p. III $a Bernard Grasset, vie et passions d'un éditeur / Jean Bothorel, 1989 $a WBI $a DBF
810    $a BN Cat. gén. $a BN Cat. gén. suppl.
999    $a FRBNF120137406 $b 12013740
152    $b NP

