00873cx  a2200265   4500
001 22594
003 http://catalogue.bnf.fr/ark:/12148/cb13898673m
005 20240517035110.0
010    $a 0000000080969305 $2 VIAF $d 20130731
033    $a http://catalogue.bnf.fr/ark:/12148/cb13898673m
035    $a FRBNF138986737
100    $a 19890601afrey50      ba0
102    $a GB
103    $a  19410413  20110128 
105    $a i $a p
106    $a 010
120    $a a
152    $c 2 $b NP
200    $7 ba0yba0y $8 fre    $9  0  $a Price $b Margaret $f 1941-2011
300    $a Artiste lyrique (soprano)
301    $a Blackwood (GB) $b Cardigan (GB)
801    $a FR $b FR-751131015 $c 20231115
810    $a Songs [Enregistrement sonore] / Verdi, comp.  ; Margaret Price, S ; Geoffrey Parsons, p. Deutsche Grammophon  4196212
810    $a Pâris $a Libération, 2011-01-31
999    $a FRBNF138986737 $b 13898673

