01122cx  a2200301   4500
001 22744
003 http://catalogue.bnf.fr/ark:/12148/cb120507085
005 20240514060756.0
010    $a 0000000025800670 $2 VIAF $d 20130724
033    $a http://catalogue.bnf.fr/ark:/12148/cb120507085
035    $a FRBNF12050708X
039    $o OPL $a 003535606
100    $a 19840420afrey50      ba0
101    $a fre
102    $a FR
103    $a  1928      20170127 
105    $a a
106    $a 1  
120    $a a
200    $7 ba0yba0y $8 fre    $9  0  $a Cachard $b Claudie $f 1928-2017
300 0  $a Psychiatre et psychanalyste
301    $a Paris $b Paris
801    $a FR $b FR-751131015 $c 20220520
810    $a Les Gardiens du silence / C. Cachard, 1989 $a Les déraisons de vivre / Claudie Cachard, 1995 $a Wikipedia - https://fr.wikipedia.org/wiki/Claudie_Cachard (2022-05-20)
810    $a Le dictionnaire universel des créatrices / sous la direction de Béatrice Didier, Antoinette Fouque, Mireille Calle-Gruber, 2013
856    $u https://fr.wikipedia.org/wiki/Claudie_Cachard $e 2022-05-20
999    $a FRBNF12050708X $b 12050708
152    $b NP

