01615cx  a2200385   4500
001 22909
003 http://catalogue.bnf.fr/ark:/12148/cb11894907d
005 20240516071245.0
010    $a 0000000118507406 $2 VIAF $d 20130724
033    $a http://catalogue.bnf.fr/ark:/12148/cb11894907d
035    $a FRBNF118949076
039    $o OPL $a 008340108 $z AMA
039    $o OPL $a 000558471 $z APP
039    $o OPP $a 11446109 $d 20070906
039    $o OPP $a 14065644 $d 20070906
039    $o OPP $a 10864449 $d 20170516
039    $o OPP $a 15472040 $d 20170516
039    $o OPP $a 16815950 $d 20170516
100    $a 19751209afrey50      ba0
101    $a fre $t man
102    $a GN
103    $a  19280101  19800204 
105    $a a $a p
106    $a 010
120    $a b
152    $c 2 $b NP
200    $7 ba0yba0y $8 fre    $9  0  $a Camara $b Laye $f 1928-1980
300    $a Romancier. - A recueilli, traduit et publié les témoignages des plus grands conteurs d'Afrique
400    $7 ba0yba0y $8 fre    $9     $a Laye $b Camara $f 1928-1980
400    $7 ba0yba0y $8 fre    $9     $a Laay $b Kamara $f 1928-1980
686    $a 800 $c Histoire et critique littéraires $2 Note de regroupement par domaine
801    $a FR $b FR-751131015 $c 20170516
810    $a L'enfant noir / Camara Laye, 1976 $a Le Maître de la parole : kouma lafôlô kouma / [Babou Condé] ; [texte recueilli et traduit par] Camara Laye, 1998 $a Goneg nit ku ñuul gi / Kamara Laay ; traduit du français par Jean Léopold Diouf et Stéphane Robert, DL 2007
810    $a Baratte : Laye, Camara $a Lettres noires / présentées par Jean-Paul Parmelli, 1990, p. 79-80
999    $a FRBNF118949076 $b 11894907

