01476cx  a2200313   4500
001 23041
003 http://catalogue.bnf.fr/ark:/12148/cb11898515w
005 20240514064743.0
010    $a 0000000122764181 $2 VIAF $d 20130724
033    $a http://catalogue.bnf.fr/ark:/12148/cb11898515w
035    $a FRBNF118985154
039    $o OPL $a 000651153
039    $o OPP $a 15457543 $d 20190312
100    $a 19760618afrey50      ba0
101    $a fre
102    $a FR
103    $a  19300710  20190305 
105    $a a $a p
106    $a 1  
120    $a b
200    $7 ba0yba0y $8 fre    $9  0  $a Damien $b André $f 1930-2019
300 0  $a Avocat honoraire du barreau de Versailles, conseiller d'État, maire de Versailles (en 1990). - Membre de l'Institut de France (en 2000). - Conseiller pour les cultes du ministre de l'Intérieur de 1993 à 1997
301    $a Paris (12e) $b Versailles (Yvelines)
801    $a FR $b FR-751131015 $c 20220908
810    $a Les règles de la profession d'avocat / Jacques Hamelin, André Damien, 1989 $a Le grand livre des ordres de chevalerie et des décorations / André Damien, 1991 $a Histoire d'un fauteuil / André Damien, 2000 $a 1905, la séparation des Églises et de l'État / textes choisis et présentés par Yves Bruley ; postf. d'André Damien, 2004
810    $a WW, France 1990-1991 $a Le Figaro, 2019-03-07 [avis de décès] $a Le Monde, 2019-03-09 [avis de décès]
810    $a BN Cat. gén. 1960-1969
999    $a FRBNF118985154 $b 11898515
152    $b NP

