01367cx  a2200349   4500
001 23192
003 http://catalogue.bnf.fr/ark:/12148/cb119145174
005 20240505063900.0
010    $a 0000000108643551 $2 VIAF $d 20130724
033    $a http://catalogue.bnf.fr/ark:/12148/cb119145174
035    $a FRBNF119145174
039    $o OPL $a 001080946
039    $o OPP $a 11227170 $d 20121008
039    $o OPP $a 11548441 $d 20121008
039    $o OPP $a 15475308 $d 20121008
100    $a 19771215afrey50      ba0
101    $a fre
102    $a FR
103    $a  19230327  20130202 
105    $a a
106    $a 010
120    $a b
200    $7 ba0yba0y $8 fre    $9  0  $a Margolin $b Jean-Claude $f 1923-2013
300    $a Philosophe. - Directeur du Centre d'études supérieures de la Renaissance de l'Université de Tours (1978-1982). - Directeur de collection pour la librairie philosophique J. Vrin
301    $a Paris $b Paris
686    $a 100 $c Philosophie $2 Note de regroupement par domaine
801    $a FR $b FR-751131015 $c 20130212
810    $a Erasme, le prix des mots et de l'homme / J.-C. Margolin, 1986
810    $a Guide de l'hist. des sci. et des tech. en France / Christine Blondel, Valérie Gourlet, 1987 (p. 145) $a Monde, 2013-02-13 (article nécrologique)
810    $a BN Cat. gén. suppl. $a BN Cat. gén. 1960-1969
999    $a FRBNF119145174 $b 11914517
152    $b NP

