00876cx  a2200229   4500
001 23349
003 http://catalogue.bnf.fr/ark:/12148/cb13901855v
005 20240514063610.0
033    $a http://catalogue.bnf.fr/ark:/12148/cb13901855v
035    $a FRBNF139018558
100    $a 19890601afrey50      ba0
102    $a BR
105    $a i
106    $a 1  
150    $a y $b v9  
152    $c 2 $b CO
210    $7 ba0yba0y $8 fre    $9 20  $a Os Batuqueiros
300 0  $a Groupe de samba
303    $a Rio de Janeiro
307    $a ALCENDINO FILHO, Paulo "da Cuica", Perc (1977ca) $a OLIVEIRA, JairPinto de, "Nemem", Perc (1977ca) $a OLIVEIRA, Paulo Roberto de, "Paulinho", Perc (1977ca) $a SANTOS CARLOSO, Diogenes "Jorge", Perc (1977ca) $a MORAES, Luis Carlos, Perc (1977ca) $a PAULA, IrapuanNepomuceno de, "Puan", Guit (1977ca)
801    $a FR $b FR-751131015 $c 20050412
999    $a FRBNF139018558 $b 13901855

