02164cx  a2200433   4500
001 23521
003 http://catalogue.bnf.fr/ark:/12148/cb11978779f
005 20240519044337.0
033    $a http://catalogue.bnf.fr/ark:/12148/cb11978779f
035    $a FRBNF119787798
039    $o OPL $a 002162467
100    $a 19850707afrey50      ba0
106    $a 211
152    $b SNC $c 2
159    $a rameau
250    $7 ba0yba0y $8 fre    $9     $a Jeunes socialement défavorisés
450    $7 ba0yba0y $8 fre    $9   2 $a Adolescents handicapés sociaux
450    $7 ba0yba0y $8 fre    $9     $a Adolescents socialement défavorisés
450    $7 ba0yba0y $8 fre    $9     $a Jeunes de milieu populaire
450    $7 ba0yba0y $8 fre    $9     $a Jeunes défavorisés
450    $7 ba0yba0y $8 fre    $9     $a Jeunes démunis
450    $7 ba0yba0y $8 fre    $9     $a Jeunes des banlieues populaires
450    $7 ba0yba0y $8 fre    $9     $a Jeunes des cités
450    $7 ba0yba0y $8 fre    $9     $a Jeunes des classes populaires
450    $7 ba0yba0y $8 fre    $9     $a Jeunes des quartiers populaires
450    $7 ba0yba0y $8 fre    $9   2 $a Jeunes handicapés sociaux
550    $5 z $0 Voir aussi $3 16510793 $7 ba0yba0y $8 fre    $9     $a Jeunes pauvres
550    $5 z $0 Voir aussi $3 11936349 $7 ba0yba0y $8 fre    $9     $a Enfants socialement défavorisés
550    $5 z $0 Voir aussi $3 12344587 $7 ba0yba0y $8 fre    $9     $a Jeunes en difficulté
550    $5 g $3 11934260 $7 ba0yba0y $8 fre    $9     $a Jeunesse
550    $5 g $3 11932000 $7 ba0yba0y $8 fre    $9     $a Personnes socialement défavorisées
686    $a 300 $c Sciences sociales $2 Note de regroupement par domaine
686    $a 360 $c Problèmes et services sociaux $2 Note de regroupement par domaine
801    $a FR $b FR-751131015 $c 20090116
810    $a Thésaurus de l'Unesco : Jeune défavorisé - http://databases.unesco.org/thesfr (2009-01-16)
822 1  $a Teenagers with social disabilities $2 LCSH $u http://id.loc.gov/authorities/subjects/sh89001053 $d 2017-02-09
822 1  $a Youth with social disabilities $2 LCSH $u http://id.loc.gov/authorities/subjects/sh85124173 $d 2017-02-09
856    $u http://databases.unesco.org/thesfr $e 2009-01-16
999    $a FRBNF119787798 $b 11978779

