00975nx  a2200241   4500
001 23717
003 http://catalogue.bnf.fr/ark:/12148/cb12426254g
005 20240505054219.0
033    $a http://catalogue.bnf.fr/ark:/12148/cb12426254g
035    $a FRBNF124262542
039    $o OPL $a 01061365X
100    $a 19941027afrey50      ba0
106    $a 211
152    $b SNC $c 2
159    $a rameau
250    $7 ba0yba0y $8 fre    $9     $a Dispute de Barcelone (1263)
450    $7 ba0yba0y $8 fre    $9   2 $a Barcelone, Disputation de (1263)
550    $5 g $3 11965577 $7 ba0yba0y $8 fre    $9     $a Disputations religieuses
550    $5 g $3 11978845 $7 ba0yba0y $8 fre    $9     $a Christianisme $x Relations -- Judaïsme
550    $5 g $3 11947627 $7 ba0yba0y $8 fre    $9     $a Judaïsme $x Relations -- Christianisme
801    $a FR $b FR-751131015 $c 19941027
822 1  $a Barcelona Disputation, Barcelona, Spain, 1263 $2 LCSH $u http://id.loc.gov/authorities/subjects/sh85011816 $d 2017-02-09
999    $a FRBNF124262542 $b 12426254

