00994cx  a2200265   4500
001 23877
003 http://catalogue.bnf.fr/ark:/12148/cb11954026j
005 20240515022910.0
033    $a http://catalogue.bnf.fr/ark:/12148/cb11954026j
035    $a FRBNF119540260
039    $o OPL $a 001817368
100    $a 19830519afrey50      ba0
106    $a 211
152    $b SNC $c 2
159    $a rameau
250    $7 ba0yba0y $8 fre    $9     $a Héroïnes
450    $7 ba0yba0y $8 fre    $9     $a Héroïsme
550    $5 g $3 11955655 $7 ba0yba0y $8 fre    $9     $a Femmes
550    $5 g $3 11938580 $7 ba0yba0y $8 fre    $9     $a Héros (personnes)
686    $a 300 $c Sciences sociales $2 Note de regroupement par domaine
686    $a 900 $c Histoire et géographie (généralités) $2 Note de regroupement par domaine
801    $a FR $b FR-751131015 $c 20010129
822 12 $a Héroïnes $2 RVMLaval $d 2001-01-29
822 1  $a Women heroes $2 LCSH $u http://id.loc.gov/authorities/subjects/sh96003498 $d 2017-02-09
999    $a FRBNF119540260 $b 11954026

