01672cx  a2200361   4500
001 24000
003 http://catalogue.bnf.fr/ark:/12148/cb11910504t
005 20240510073936.0
010    $a 000000035458506X $2 VIAF $d 20130724
033    $a http://catalogue.bnf.fr/ark:/12148/cb11910504t
035    $a FRBNF119105048
039    $o OPL $a 000972159
039    $o OPP $a 14372470 $d 20160201
039    $o OPP $a 11503805 $d 20160831
100    $a 19771011afrey50      ba0
101    $a fre
102    $a FR
103    $a  19290301  20160128 
105    $a a
106    $a 010
120    $a a
200    $7 ba0yba0y $8 fre    $9  0  $a Lacoste-Dujardin $b Camille $f 1929-2016
300    $a Ethnologue, spécialiste du Maghreb. - Directeur de recherches au CNRS, responsable de l'UR "Littérature orale, dialectologie, ethnologie du domaine arabo-berbère". - Épouse du géographe et géopoliticien Yves Lacoste (1929-....)
301    $a Rouen (Seine-Maritime) $b Bourg-la-Reine (Val-de-Marne)
400    $5 j $7 ba0yba0y $8 fre    $9     $a Lacoste $b Camille $f 1929-2016
400    $5 j $7 ba0yba0y $8 fre    $9     $a Dujardin $b Camille Lacoste- $f 1929-2016
686    $a 390 $c Ethnologie, anthropologie, folklore $2 Note de regroupement par domaine
801    $a FR $b FR-751131015 $c 20160831
810    $a L'état du monde / sous la dir. de C. et Y. Lacoste, 1991 $a Yasmina et les autres de Nanterre et d'ailleurs/ C. Lacoste-Dujardin, 1992
810    $a Monde, 2016-02-10 (article nécrologique) $a Wikipédia - https://fr.wikipedia.org/wiki/Camille_Lacoste-Dujardin (2016-02-10)
856    $u https://fr.wikipedia.org/wiki/Camille_Lacoste-Dujardin $e 2016-02-10
999    $a FRBNF119105048 $b 11910504
152    $b NP

