01171cx  a2200289   4500
001 24113
003 http://catalogue.bnf.fr/ark:/12148/cb120096515
005 20240505055228.0
033    $a http://catalogue.bnf.fr/ark:/12148/cb120096515
035    $a FRBNF120096518
039    $o OPL $a 002494416
100    $a 19881024afrey50      ba0
106    $a 211
152    $b SNC $c 2
159    $a rameau
250    $7 ba0yba0y $8 fre    $9     $a Générations
450    $7 ba0yba0y $8 fre    $9     $a Générations $x Aspect sociologique
450    $7 ba0yba0y $8 fre    $9     $a Générations $x Sociologie
550    $5 z $0 Voir aussi $3 12223381 $7 ba0yba0y $8 fre    $9     $a Groupes d'âge
550    $5 h $3 16938538 $7 ba0yba0y $8 fre    $9     $a Génération Z
550    $5 h $3 11935219 $7 ba0yba0y $8 fre    $9   2 $a Conflit de générations
550    $5 h $3 12293643 $7 ba0yba0y $8 fre    $9     $a Relations intergénérationnelles
686    $a 300 $c Sciences sociales $2 Note de regroupement par domaine
801    $a FR $b FR-751131015 $c 20010226
822 12 $a Générations $2 RVMLaval $d 2001-02-26
822 1  $a Generations $2 LCSH $u http://id.loc.gov/authorities/subjects/sh85053818 $d 2017-02-09
999    $a FRBNF120096518 $b 12009651

