01971cx  a2200397   4500
001 24219
003 http://catalogue.bnf.fr/ark:/12148/cb11979908q
005 20240505060127.0
033    $a http://catalogue.bnf.fr/ark:/12148/cb11979908q
035    $a FRBNF119799081
039    $o OPL $a 002176029
100    $a 19850707afrey50      ba0
106    $a 211
152    $b SNC $c 2
159    $a rameau
250    $7 ba0yba0y $8 fre    $9     $a Ethnologie $y Australie
415    $7 ba0yba0y $8 fre    $9     $a Australie $x Ethnologie
550    $5 h $3 11947098 $7 ba0yba0y $8 fre    $9     $a Aborigènes d'Australie
550    $5 h $3 12020740 $7 ba0yba0y $8 fre    $9     $a Australiens
550    $5 h $3 15574967 $7 ba0yba0y $8 fre    $9     $a Australiens d'origine allemande
550    $5 h $3 17851814 $7 ba0yba0y $8 fre    $9     $a Australiens d'origine écossaise
550    $5 h $3 13557966 $7 ba0yba0y $8 fre    $9     $a Australiens d'origine finlandaise
550    $5 h $3 16503991 $7 ba0yba0y $8 fre    $9     $a Australiens d'origine grecque
550    $5 h $3 12239861 $7 ba0yba0y $8 fre    $9     $a Australiens d'origine irlandaise
550    $5 h $3 12444937 $7 ba0yba0y $8 fre    $9     $a Australiens d'origine italienne
550    $5 h $3 16721694 $7 ba0yba0y $8 fre    $9     $a Australiens d'origine lituanienne
550    $5 h $3 16242820 $7 ba0yba0y $8 fre    $9     $a Australiens d'origine néerlandaise
550    $5 h $3 12190278 $7 ba0yba0y $8 fre    $9     $a Australiens d'origine suisse
550    $5 h $3 12461693 $7 ba0yba0y $8 fre    $9     $a Insulaires du détroit de Torres
550    $5 h $3 16959226 $7 ba0yba0y $8 fre    $9     $a Rednecks
550    $5 g $3 16945386 $7 ba0yba0y $8 fre    $9     $a Ethnologie $x [Localisations géographiques]
686    $a 390 $c Ethnologie, anthropologie, folklore $2 Note de regroupement par domaine
801    $a FR $b FR-751131015 $c 20191209
822 12 $a Ethnology--Australia $2 LCSH $u http://id.loc.gov/authorities/subjects/sh85045223 $d 2019-12-09
822 12 $a Ethnologie -- Australie $2 RVMLaval $d 2019-12-09
999    $a FRBNF119799081 $b 11979908

