02290cx  a2200469   4500
001 24345
003 http://catalogue.bnf.fr/ark:/12148/cb13319058s
005 20240507022110.0
033    $a http://catalogue.bnf.fr/ark:/12148/cb13319058s
035    $a FRBNF13319058X
039    $o OPL $a 002117707
100    $a 19850620afrey50      ba0
106    $a 211
152    $b SNC $c 2
159    $a rameau
250    $7 ba0yba0y $8 fre    $9     $a Parents et enfants (droit)
450    $7 ba0yba0y $8 fre    $9     $a Autorité parentale
450    $7 ba0yba0y $8 fre    $9     $a Parents et enfants $x Statut juridique
450    $7 ba0yba0y $8 fre    $9     $a Puissance parentale
450    $7 ba0yba0y $8 fre    $9     $a Puissance paternelle
550    $5 z $0 Voir aussi $3 11946662 $7 ba0yba0y $8 fre    $9     $a Parents et enfants
550    $5 z $0 Voir aussi $3 13318472 $7 ba0yba0y $8 fre    $9     $a Enfants $x Statut juridique
550    $5 z $0 Voir aussi $3 12017799 $7 ba0yba0y $8 fre    $9     $a Procréation médicalement assistée $x Droit
550    $5 z $0 Voir aussi $3 13319088 $7 ba0yba0y $8 fre    $9     $a Filiation
550    $5 h $3 15025724 $7 ba0yba0y $8 fre    $9     $a Filiation d'origine
550    $5 h $3 11965493 $7 ba0yba0y $8 fre    $9     $a Adoption
550    $5 h $3 12063380 $7 ba0yba0y $8 fre    $9   2 $a Entretien d'enfants $x Droit
550    $5 h $3 13734537 $7 ba0yba0y $8 fre    $9     $a Filiation naturelle
550    $5 h $3 11961071 $7 ba0yba0y $8 fre    $9   2 $a Garde des enfants (droit)
550    $5 h $3 13319379 $7 ba0yba0y $8 fre    $9     $a Légitimation d'enfant
550    $5 h $3 13319279 $7 ba0yba0y $8 fre    $9     $a Reconnaissance d'enfant
550    $5 h $3 11976210 $7 ba0yba0y $8 fre    $9     $a Responsabilité du fait d'autrui
550    $5 h $3 13319494 $7 ba0yba0y $8 fre    $9     $a Assistance éducative
550    $5 h $3 12151838 $7 ba0yba0y $8 fre    $9     $a Enquêtes sociales
550    $5 h $3 12010401 $7 ba0yba0y $8 fre    $9     $a Émancipation (droit)
550    $5 g $3 11973129 $7 ba0yba0y $8 fre    $9   2 $a Abandon de famille
550    $5 g $3 13318695 $7 ba0yba0y $8 fre    $9   2 $a Famille $x Droit
550    $5 g $3 11982721 $7 ba0yba0y $8 fre    $9   2 $a Pouvoir disciplinaire
550    $5 g $3 11983544 $7 ba0yba0y $8 fre    $9   2 $a Tutelle et curatelle
801    $a FR $b FR-751131015 $c 19881229
822 12 $a Parents et enfants (droit) $2 RVMLaval $d 1988-12-29
999    $a FRBNF13319058X $b 13319058

