01915cx  a2200385   4500
001 24471
003 http://catalogue.bnf.fr/ark:/12148/cb119070414
005 20240515050911.0
010    $a 0000000123215475 $2 VIAF $d 20130724
033    $a http://catalogue.bnf.fr/ark:/12148/cb119070414
035    $a FRBNF119070412
039    $o OPL $a 00393355X $z AMA
039    $o OPL $a 00087891X $z APP
039    $o OPP $a 14859654 $d 20070710
039    $o OPP $a 14898579 $d 20070710
100    $a 19801025afrey50      ba0
101    $a cze
102    $a CZ
103    $a  19361005  20111218 
105    $a a $a p $a i
106    $a 010
120    $a b
152    $c 2 $b NP
200    $7 ba0yba0y $8 fre    $9  0  $a Havel $b Václav $f 1936-2011
300    $a Dramaturge, écrivain, essayiste, homme politique et d'État. - Dissident, cofondateur et porte-parole de la Charte 77, cofondateur de VONS, Comité de défense des personnes injustement poursuivies (en 1978). - Président de la Tchécoslovaquie (1989-1992), puis de la République tchèque (1993-2003). - Frère de l'informaticien Ivan M. Havel (1938-....)
301    $a Prague $b Hrádeček u Vlčic (République tchèque)
510    $5 xxxk $0 Membre de :  $3 11879460 $7 ba0yba0y $8 fre    $9 20  $a Výbor na obranu nespravedlivě stihaných $c Prague
510    $5 xxxz $0 Fondateur de $3 18054400 $7 ba0yba0y $8 fre    $9 20  $a Expedice
801    $a FR $b FR-751131015 $c 20221228
810    $a Audience ; Vernissage ; Pétition / Vaclav Havel ; trad. du tchèque, 1980
810    $a Libération, 2011-12-19 $a GDEL $a Česk. biogr. slovník $a Kdo je kdo 1991-1992, 2002 $a Bibliothèque nationale, République tchèque - http://www.nkp.cz (2011-12-19) $a LC Authorities - http://authorities.loc.gov (2007-04-18)
810    $a BnF Service tchèque, 2011-12-19
815    $a Malá česk. encykl.
856    $u http://www.nkp.cz $e 2011-12-19 $u http://authorities.loc.gov $e 2007-04-18
999    $a FRBNF119070412 $b 11907041

