02680cx  a2200469   4500
001 24591
003 http://catalogue.bnf.fr/ark:/12148/cb120017269
005 20240513022111.0
033    $a http://catalogue.bnf.fr/ark:/12148/cb120017269
035    $a FRBNF120017264
039    $o OPL $a 002408876
100    $a 19861010afrey50      ba0
106    $a 211
152    $b SNC $c 2
159    $a rameau
250    $7 ba0yba0y $8 fre    $9     $a Économie publique
300 1  $a Théorie des activités économiques gérées par la puissance publique, incluant les règles de décision en matière de gestion et de financement du secteur de production des biens collectifs
450    $7 ba0yba0y $8 fre    $9     $a École d'économie publique
450    $7 ba0yba0y $8 fre    $9     $a Économie des finances publiques
450    $7 ba0yba0y $8 fre    $9     $a Économie du secteur public
450    $7 ba0yba0y $8 fre    $9     $a Finances publiques $x Aspect économique
450    $7 ba0yba0y $8 fre    $9     $a Intervention de l'État dans l'économie
550    $5 z $0 Voir aussi $3 11976684 $7 ba0yba0y $8 fre    $9     $a Biens collectifs
550    $5 z $0 Voir aussi $3 11967857 $7 ba0yba0y $8 fre    $9     $a Choix collectif
550    $5 z $0 Voir aussi $3 12010918 $7 ba0yba0y $8 fre    $9     $a Droit public économique
550    $5 z $0 Voir aussi $3 11950197 $7 ba0yba0y $8 fre    $9     $a Finances publiques
550    $5 z $0 Voir aussi $3 11951051 $7 ba0yba0y $8 fre    $9     $a Politique économique
550    $5 z $0 Voir aussi $3 12162938 $7 ba0yba0y $8 fre    $9     $a Secteurs public et parapublic
550    $5 h $3 15767598 $7 ba0yba0y $8 fre    $9     $a Actionnariat public
550    $5 h $3 11977442 $7 ba0yba0y $8 fre    $9     $a Économies externes
550    $5 h $3 11950180 $7 ba0yba0y $8 fre    $9     $a Entreprises publiques
550    $5 h $3 11934149 $7 ba0yba0y $8 fre    $9     $a Politique des dépenses publiques
550    $5 h $3 15031119 $7 ba0yba0y $8 fre    $9     $a Principe d'équivalence (économie politique)
550    $5 g $3 11975727 $7 ba0yba0y $8 fre    $9     $a Économie politique
686    $a 330 $c Economie $2 Note de regroupement par domaine
801    $a FR $b FR-751131015 $c 20181127
810    $a Encycl. universalis (art. : Intervention de l'État, économie) - http://www.universalis-edu.com (2018-11-27) $a Wikipédia - https://fr.wikipedia.org (2018-11-27)
810    $a Lexique d'économie / A. Silem, J.-M. Albertini, 2002 $a Économie publique / N. Marceau, P. Pestieau, F. Vaillancourt, 2000 $a Économie publique / A. Wolfelsperger, 1995
822 12 $a Économie publique $2 RVMLaval $d 2018-11-27
822 11 $2 LCSH $d 2018-11-27
856    $u http://www.universalis-edu.com $e 2018-11-27 $u https://fr.wikipedia.org $e 2018-11-27
999    $a FRBNF120017264 $b 12001726

