01025cx  a2200289   4500
001 24754
003 http://catalogue.bnf.fr/ark:/12148/cb118909826
005 20240513044230.0
010    $a 000000006641918X $2 VIAF $d 20131024
033    $a http://catalogue.bnf.fr/ark:/12148/cb118909826
035    $a FRBNF118909822
039    $o OPL $a 000456445
100    $a 19820607afrey50      ba0
101    $a fre
102    $a TN
103    $a  1948               
105    $a a
106    $a 1  
120    $a a
152    $c 2 $b NP
200    $7 ba0yba0y $8 fre    $9  0  $a Béji $b Hélé $f 1948-....
300 0  $a Romancière
801    $a FR $b FR-751131015 $c 20120705
810    $a L'oeil du jour / Hélé Béji, 1985 $a Islam pride / Hélé Béji, impr. 2011
810    $a Littérature francophone : anthologie / sous la direction de Jean-Louis Joubert, 1992 $a Passages et ancrages en France / sous la direction de Ursula Mathis-Moser et Birgit Mertz-Baumgartner, 2012, p. 127-129
815    $a BN Service arabe
999    $a FRBNF118909822 $b 11890982

