01148cx  a2200265   4500
001 24873
003 http://catalogue.bnf.fr/ark:/12148/cb120511736
005 20240505061350.0
010    $a 0000000115739973 $2 VIAF $d 20130724
033    $a http://catalogue.bnf.fr/ark:/12148/cb120511736
035    $a FRBNF12051173X
039    $o OPL $a 00355021X
100    $a 19840420afrey50      ba0
101    $a fre
102    $a FR
103    $a  19..               
105    $a a
106    $a 1  
120    $a a
200    $7 ba0yba0y $8 fre    $9  0  $a Dermenjian $b Geneviève
300 0  $a Professeur certifié d'histoire au Lycée Paul Eluard de Saint-Denis (en 1988), maître de conférences à l'Institut universitaire de formation des maîtres de'Aix-Marseille, UMR Telemme (en 2004)
801    $a FR $b FR-751131015 $c 20050609
810    $a Histoire : 1re / Geneviève Dermenjian... [et al.], 1988 $a Le panthéon des femmes, figures et représentations des héroïnes / [Groupe de recherches Femmes-Méditerranée] ; sous la dir. de Geneviève Dermenjian, Jacques Guihaumou [i.e. Guilhaumou] et Martine Lapied, 2004
999    $a FRBNF12051173X $b 12051173
152    $b NP

