00712cx  a2200217   4500
001 25169
003 http://catalogue.bnf.fr/ark:/12148/cb11941841q
005 20240517043236.0
033    $a http://catalogue.bnf.fr/ark:/12148/cb11941841q
035    $a FRBNF119418413
039    $o OPL $a 001653851
100    $a 19810901afrey50      ba0
106    $a 210
152    $b SNG $c 2
159    $a rameau
215    $7 ba0yba0y $8 fre    $9     $a France $z 476-1483 (Moyen âge)
415    $7 ba0yba0y $8 fre    $9     $a France $x Histoire $x Moyen âge
415    $7 ba0yba0y $8 fre    $9     $a France $z 987-1515 (Moyen âge)
415    $7 ba0yba0y $8 fre    $9     $a France $x Moyen âge
801    $a FR $b FR-751131015 $c 19880322
999    $a FRBNF119418413 $b 11941841

