03902cx  a2200709   4500
001 25307
003 http://catalogue.bnf.fr/ark:/12148/cb11930887k
005 20240519055759.0
033    $a http://catalogue.bnf.fr/ark:/12148/cb11930887k
035    $a FRBNF119308874
039    $o OPL $a 001514232
100    $a 19850620afrey50      ba0
106    $a 201
152    $b SNC $c 2
159    $a rameau
250    $7 ba0yba0y $8 fre    $9     $a Discours (linguistique)
300 1  $a Acte de langage ou énoncé supérieur à la phrase
305 1  $a Voir aussi les vedettes de type Discours [adjectif de civilisation, ethnique, de langue, de nationalité ou géographique, ou de religion]
330    $a S'emploie également en subdivision
450    $7 ba0yba0y $8 fre    $9     $a Énoncé
450    $7 ba0yba0y $8 fre    $9     $a Linguistique discursive
450    $7 ba0yba0y $8 fre    $9     $a Linguistique du discours
450    $7 ba0yba0y $8 fre    $9     $a Linguistique du texte
450    $7 ba0yba0y $8 fre    $9     $a Linguistique textuelle
450    $7 ba0yba0y $8 fre    $9     $a Pratiques discursives
550    $5 z $0 Voir aussi $3 16997736 $7 ba0yba0y $8 fre    $9     $a Analyse du discours
550    $5 z $0 Voir aussi $3 11963444 $7 ba0yba0y $8 fre    $9     $a Communication écrite
550    $5 z $0 Voir aussi $3 11931754 $7 ba0yba0y $8 fre    $9     $a Communication orale
550    $5 z $0 Voir aussi $3 12356806 $7 ba0yba0y $8 fre    $9     $a Praxématique
550    $5 z $0 Voir aussi $3 11945238 $7 ba0yba0y $8 fre    $9     $a Rhétorique
550    $5 h $3 12048646 $7 ba0yba0y $8 fre    $9     $a Actualisation (linguistique)
550    $5 h $3 12071241 $7 ba0yba0y $8 fre    $9     $a Cohérence (linguistique)
550    $5 h $3 11956912 $7 ba0yba0y $8 fre    $9     $a Euphémisme
550    $5 h $3 11978429 $7 ba0yba0y $8 fre    $9     $a Formes allocutoires
550    $5 h $3 15027322 $7 ba0yba0y $8 fre    $9     $a Implicite (linguistique)
550    $5 h $3 16530693 $7 ba0yba0y $8 fre    $9     $a Marqueurs discursifs
550    $5 h $3 11960188 $7 ba0yba0y $8 fre    $9     $a Modalité (linguistique)
550    $5 h $3 11975029 $7 ba0yba0y $8 fre    $9     $a Paragraphes
550    $5 h $3 11976746 $7 ba0yba0y $8 fre    $9     $a Paraphrase
550    $5 h $3 13511668 $7 ba0yba0y $8 fre    $9     $a Point de vue (linguistique)
550    $5 h $3 16264380 $7 ba0yba0y $8 fre    $9     $a Reformulation (linguistique)
550    $5 h $3 16573625 $7 ba0yba0y $8 fre    $9     $a Saillance linguistique
550    $5 h $3 12139900 $7 ba0yba0y $8 fre    $9     $a Configuration (linguistique)
550    $5 h $3 12153148 $7 ba0yba0y $8 fre    $9     $a Transphrastique
550    $5 h $3 12511286 $7 ba0yba0y $8 fre    $9     $a Véridiction
550    $5 h $3 12008022 $7 ba0yba0y $8 fre    $9     $a Deixis
550    $5 h $3 12468269 $7 ba0yba0y $8 fre    $9     $a Discours argumentatif
550    $5 h $3 14418179 $7 ba0yba0y $8 fre    $9     $a Discours direct
550    $5 h $3 12236071 $7 ba0yba0y $8 fre    $9     $a Discours indirect
550    $5 h $3 12116144 $7 ba0yba0y $8 fre    $9     $a Ellipse (linguistique)
550    $5 h $3 11960103 $7 ba0yba0y $8 fre    $9     $a Emphase
550    $5 h $3 11937549 $7 ba0yba0y $8 fre    $9     $a Énonciation (linguistique)
550    $5 g $3 11930820 $7 ba0yba0y $8 fre    $9     $a Actes de langage
550    $5 g $3 11932985 $7 ba0yba0y $8 fre    $9     $a Pragmatique
580  0 $5 z $0 Voir aussi $3 11948542 $7 ba0yba0y $8 fre    $9     $a Discours $x art oratoire
686    $a 401 $2 Note de regroupement par domaine
801    $a FR $b FR-751131015 $c 20230822
810    $a Grand Larousse universel
810    $a Dict. du littéraire / P. Aron, D. Saint-Jacques, A. Viala, 2002 $a Dict. des termes littéraires, 2005 $a Dict. encyclopédique des sciences du langage / O. Ducrot, T. Todorov, 1972 $a Dict. de la linguistique / G. Mounin, 1974 $a Dict. de linguistique et des sciences du langage, 1994 $a Vocabulaire de l'analyse littéraire / D. Bergez, V. Géraud, J.-J. Robrieux, 1994
822 11 $2 RVMLaval $d 2023-08-22
822 11 $2 LCSH $d 2023-08-22
999    $a FRBNF119308874 $b 11930887

