03786cx  a2200637   4500
001 25476
003 http://catalogue.bnf.fr/ark:/12148/cb122664984
005 20240514044342.0
033    $a http://catalogue.bnf.fr/ark:/12148/cb122664984
035    $a FRBNF122664987
039    $o OPL $a 008395841
100    $a 19921012afrey50      ba0
101 0  $a fre
102    $a XX
103    $a  1871               
106    $a 010
154    $a |a
240    $a Zola $b Émile $f 1840-1902 $9  0  $7 ba0yba0y $8 frefre $t La fortune des Rougon
300    $a Catégorie de l'oeuvre : Oeuvres textuelles
300    $a Forme de l'oeuvre : Roman
300    $a Historique de l'oeuvre : Publié en feuilleton dans "Le siècle" du juin au 19 juillet 1870, puis du 18 au 21 mars 1871, en volume le 14 septembre 1871, l'édition définitive, au texte fortement modifié, étant publiée en 1873
300    $a Nature du contenu de l'oeuvre : Premier volet de la série "Les Rougon-Macquart"
349    $r Première édition $d 1871
440    $a Zola $b Émile $f 1840-1902 $7 ba0yba0y $8 frefre $t La fortune des Rougon, les origines
440    $a Zola $b Émile $f 1840-1902 $7 ba0yba0y $8 frealb $t Karriera e Rugonëve
440    $a Zola $b Émile $f 1840-1902 $7 ba0yba0y $8 freger $t Das Glück der Familie Rougon
440    $a Zola $b Émile $f 1840-1902 $7 ba0yba0y $8 freger $t Das Glück des Hauses Rougon
440    $a Zola $b Émile $f 1840-1902 $7 ba0yba0y $8 freeng $t The fortune of the Rougons
440    $a Zola $b Émile $f 1840-1902 $7 ba0yba0a $8 frebul $t Vazhodat na Rugonovtsi
440    $a Zola $b Émile $f 1840-1902 $7 ba0yca0y $8 frebul $t Възходът на Ругоновци
440    $a Zola $b Émile $f 1840-1902 $7 ba0yba0y $8 frehrv $t Uspon Rugonovih
440    $a Zola $b Émile $f 1840-1902 $7 ba0yba0y $8 fredan $t Familien Rougon
440    $a Zola $b Émile $f 1840-1902 $7 ba0yba0y $8 frespa $t La fortuna de los Rougon
440    $a Zola $b Émile $f 1840-1902 $7 ba0yba0y $8 freest $t Rougonide õnn
440    $a Zola $b Émile $f 1840-1902 $7 ba0yba0a $8 fregre $t Ī týchī tōn Rougkón
440    $a Zola $b Émile $f 1840-1902 $7 ba0yga0y $8 fregre $t Η τύχη των Ρουγκόν
440    $a Zola $b Émile $f 1840-1902 $7 ba0yba0y $8 frehun $t Rougonék szerencséje
440    $a Zola $b Émile $f 1840-1902 $7 ba0yba0y $8 freita $t La fortuna dei Rougon
440    $a Zola $b Émile $f 1840-1902 $7 ba0yba0y $8 frelit $t Rugonų karjera
440    $a Zola $b Émile $f 1840-1902 $7 ba0yba0y $8 fredut $t Het fortuin van de Rougons
440    $a Zola $b Émile $f 1840-1902 $7 ba0yba0y $8 frepol $t Wzniesienie się Rougonów
440    $a Zola $b Émile $f 1840-1902 $7 ba0yba0y $8 frerum $t Izbînda familiei Rougon
440    $a Zola $b Émile $f 1840-1902 $7 ba0yba0a $8 frerus $t Karjera Rugonov
440    $a Zola $b Émile $f 1840-1902 $7 ba0yca0y $8 frerus $t Карьера Ругонов
440    $a Zola $b Émile $f 1840-1902 $7 ba0yba0y $8 freslv $t Vzpon Rougonovih
440    $a Zola $b Émile $f 1840-1902 $7 ba0yba0y $8 freslo $t Šťastie Rougonovcov
440    $a Zola $b Émile $f 1840-1902 $7 ba0yba0y $8 freswe $t Rougonernas uppkomst
440    $a Zola $b Émile $f 1840-1902 $7 ba0yba0y $8 freswe $t Uppkomlingarne
440    $a Zola $b Émile $f 1840-1902 $7 ba0yba0y $8 frecze $t Štěstí Rougonů
440    $a Zola $b Émile $f 1840-1902 $7 ba0yba0y $8 fretur $t Rougon'ların yükselişi
540    $5 g $3 11939812 $a Zola $b Émile $f 1840-1902 $t Les Rougon-Macquart
686    $a 800 $c Histoire et critique littéraires $2 Note de regroupement par domaine
801    $a FR $b FR-751131015 $c 20221125
810    $a Beaumarchais (sous : Zola, Émile) : La fortune des Rougon $a Les Rougon-Macquart : histoire naturelle et sociale d'une famille sous le Second Empire. Tome I / Émile Zola ; édition d'Armand Lanoux et Henri Mitterand, 1960 (Bibliothèque de la Pléiade) : La fortune des Rougon
999    $a FRBNF122664987 $b 12266498
152    $b SAUTTIT

