01231cx  a2200349   4500
001 25641
003 http://catalogue.bnf.fr/ark:/12148/cb119038374
005 20240516062505.0
010    $a 0000000120259915 $2 VIAF $d 20130724
033    $a http://catalogue.bnf.fr/ark:/12148/cb119038374
035    $a FRBNF119038375
039    $o OPL $a 000792136
039    $o OPP $a 14893652 $d 20140224
039    $o OPP $a 15463794 $d 20140224
039    $o OPP $a 14362647 $d 20140224
039    $o OPP $a 14061325 $d 20140224
100    $a 19760602afrey50      ba0
101    $a fre
102    $a CH
103    $a  19151027  19980503 
105    $a a $a p
106    $a 010
120    $a b
152    $c 2 $b NP
200    $7 ba0yba0y $8 fre    $9  0  $a Gagnebin $b Bernard $f 1915-1998
300    $a Conservateur de bibliothèque, puis professeur à l'Université de Genève. - Professeur émérite (en 1988)
301    $a Lausanne, Suisse $b Genève, Suisse
801    $a FR $b FR-751131015 $c 20190417
810    $a Œuvres complètes / Jean-Jacques Rousseau ; éd. publ. sous la dir. de Bernard Gagnebin et Marcel Raymond, 1986-
810    $a WW, Suisse 1988-1989 $a Monde, 1998-05-07 (faire-part de décès)
810    $a BN Cat. gén.
999    $a FRBNF119038375 $b 11903837

