02035nx  a2200373   4500
001 25795
003 http://catalogue.bnf.fr/ark:/12148/cb137777821
005 20240505062633.0
033    $a http://catalogue.bnf.fr/ark:/12148/cb137777821
035    $a FRBNF137777827
039    $o OPL $a 009964270
100    $a 19940307afrey50      ba0
106    $a 211
152    $b SNC $c 2
159    $a rameau
250    $7 ba0yba0y $8 fre    $9     $a Malades mentaux $x Responsabilité pénale
330    $a Sous cette vedette, on trouve les documents sur la question spécifique de la responsabilité pénale (irresponsabilité, non punissabilité, non responsabilité, responsabilité atténuée) de l'auteur d'une infraction en cas de trouble mental au moment des faits, trouble appelé "démence" dans le Code pénal de 1810, et "trouble psychique ou neuropsychique" dans la nouvelle rédaction
450    $7 ba0yba0y $8 fre    $9     $a Aliénation mentale (droit pénal)
450    $7 ba0yba0y $8 fre    $9     $a Démence (droit pénal)
450    $7 ba0yba0y $8 fre    $9     $a Démence pénale
450    $7 ba0yba0y $8 fre    $9     $a État de démence (droit pénal)
450    $7 ba0yba0y $8 fre    $9     $a Irresponsabilité pénale des malades mentaux
450    $7 ba0yba0y $8 fre    $9     $a Malades mentaux et criminalité
450    $7 ba0yba0y $8 fre    $9     $a Responsabilité pénale des malades mentaux
550    $5 z $0 Voir aussi $3 13775159 $7 ba0yba0y $8 fre    $9     $a Criminels handicapés mentaux
550    $5 z $0 Voir aussi $3 13319089 $7 ba0yba0y $8 fre    $9     $a Criminels malades mentaux
550    $5 g $3 13734414 $7 ba0yba0y $8 fre    $9   2 $a Aliénation mentale $x Droit
550    $5 g $3 13769491 $7 ba0yba0y $8 fre    $9     $a Justification (droit)
550    $5 g $3 11951107 $7 ba0yba0y $8 fre    $9     $a Responsabilité pénale
686    $a 340 $c Droit $2 Note de regroupement par domaine
801    $a FR $b FR-751131015 $c 20010315
810    $a Code pénal, art. 64 $a Nouveau Code pénal, art. 122-1
815    $a Laval RVM, 2000-12. - LCSH, 2000-12
999    $a FRBNF137777827 $b 13777782

