01383cx  a2200313   4500
001 25938
003 http://catalogue.bnf.fr/ark:/12148/cb12314263k
005 20240505062723.0
010    $a 0000000109155592 $2 ISNI $d 20131217
033    $a http://catalogue.bnf.fr/ark:/12148/cb12314263k
035    $a FRBNF123142636
039    $o OPL $a 008991318
100    $a 19930430afrey50      ba0
101    $a ger
102    $a AT
103    $a  18971121  19630501 
105    $a a
106    $a 010
120    $a a
152    $c 2 $b NP
200    $7 ba0yba0y $8 fre    $9  0  $a Canetti $b Veza $f 1897-1963
300    $a Écrivaine. - Épouse de : Canetti, Elias (1905-1944), prix Nobel de littérature en 1981. - A aussi écrit sous son nom de jeune fille : Taubner-Calderon, Venetia et sous les pseudonymes : Knecht, Veronika ; Magd, Veza ; Murner, Martha ; Murner, Martin et Murner, Martina
301    $a Vienne (Autriche) $b Londres (Royaume-Uni)
302    $a A émigré à Londres en 1938
801    $a FR $b FR-751131015 $c 20220518
810    $a La rue jaune / Veza Canetti ; trad. de l'allemand par Léa Marcou, 1992
810    $a Österreichischer Bibliothekenverbund : Gesamtkatalog - http://magnum.bibvb.ac.at (2003-03-04) $a Universiity of Oklahoma - http://www.ou.edu (2003-03-04)
856    $u http://magnum.bibvb.ac.at $e 2003-03-04 $u http://www.ou.edu $e 2003-03-04
999    $a FRBNF123142636 $b 12314263

