00970cx  a2200265   4500
001 26112
003 http://catalogue.bnf.fr/ark:/12148/cb11937034g
005 20240511064714.0
033    $a http://catalogue.bnf.fr/ark:/12148/cb11937034g
035    $a FRBNF119370349
039    $o OPL $a 001589904
100    $a 19810323afrey50      ba0
106    $a 211
152    $b SNC $c 2
159    $a rameau
250    $7 ba0yba0y $8 fre    $9     $a Compagnons
450    $7 ba0yba0y $8 fre    $9   2 $a Compagnons (artisans)
550    $5 z $0 Voir aussi $3 11937033 $7 ba0yba0y $8 fre    $9     $a Compagnonnage
550    $5 h $3 11938255 $7 ba0yba0y $8 fre    $9     $a Compagnons $x Chefs-d'oeuvre
550    $5 g $3 11935699 $7 ba0yba0y $8 fre    $9     $a Artisans
550    $5 g $3 11972068 $7 ba0yba0y $8 fre    $9     $a Ouvriers qualifiés
801    $a FR $b FR-751131015 $c 19930213
810    $a GLU
822 1  $a Journey workers $2 LCSH $u http://id.loc.gov/authorities/subjects/sh85070797 $d 2017-02-09
999    $a FRBNF119370349 $b 11937034

