00724cx  a2200241   4500
001 26242
003 http://catalogue.bnf.fr/ark:/12148/cb120132498
005 20240510031636.0
010    $a 0000000059457276 $2 VIAF $d 20130724
033    $a http://catalogue.bnf.fr/ark:/12148/cb120132498
035    $a FRBNF120132494
039    $o OPL $a 002572523
100    $a 19840420afrey50      ba0
101    $a fre
102    $a FR
105    $a a
106    $a 1  
200    $7 ba0yba0y $8 fre    $9  0  $a Margot $b Olivier
300 0  $a Rédacteur en chef de "L'Equipe magazine" (en 1994)
801    $a FR $b FR-751131015 $c 19950310
810    $a L'Aéropostale / Benoît Heimermann, Olivier Margot, 1994
999    $a FRBNF120132494 $b 12013249
152    $b NP

