01245cx  a2200253   4500
001 26376
003 http://catalogue.bnf.fr/ark:/12148/cb11960104r
005 20240505063744.0
033    $a http://catalogue.bnf.fr/ark:/12148/cb11960104r
035    $a FRBNF119601044
039    $o OPL $a 001899778
100    $a 19840124afrey50      ba0
106    $a 211
152    $b SNC $c 2
159    $a rameau
250    $7 ba0yba0y $8 fre    $9     $a Enfants antillais
330    $a Sous cette vedette, obligatoirement suivie d'une subdivision géographique ou de la subdivision : À l'étranger, directement ou après une subdivision de sujet, on trouve les documents sur les enfants antillais hors des Antilles. Les documents sur les enfants antillais aux Antilles se trouvent sous des vedettes-matière telles que : Enfants -- Antilles ; Enfants -- [Subdivision de sujet] -- Antilles ; etc.
550    $5 g $3 11931627 $7 ba0yba0y $8 fre    $9     $a Antillais
686    $a 300 $c Sciences sociales $2 Note de regroupement par domaine
686    $a 305 $2 Note de regroupement par domaine
686    $a 390 $c Ethnologie, anthropologie, folklore $2 Note de regroupement par domaine
801    $a FR $b FR-751131015 $c 20080109
822 11 $2 LCSH $d 2008-01-09
999    $a FRBNF119601044 $b 11960104

