01600cx  a2200373   4500
001 26493
003 http://catalogue.bnf.fr/ark:/12148/cb11908286w
005 20240505072119.0
010    $a 000000011042207X $2 VIAF $d 20130724
033    $a http://catalogue.bnf.fr/ark:/12148/cb11908286w
035    $a FRBNF11908286X
039    $o OPL $a 000913118
039    $o OPP $a 10095269 $d 20140603
039    $o OPP $a 11268000 $d 20140603
039    $o OPP $a 16790645 $d 20191122
039    $o OPP $a 16790646 $d 20191128
100    $a 19770905afrey50      ba0
101    $a fre
102    $a FR
103    $a  19241022  20191119 
105    $a a
106    $a 010
120    $a a
200    $7 ba0yba0y $8 fre    $9  0  $a Isambert-Jamati $b Viviane $f 1924-2019
300    $a Sociologue. - Professeur à l'Université René Descartes Paris V (en 1990). - Épouse de François-André Isambert (1924-2017). - Prénoms complets : Viviane Hélène Adrienne
301    $a Paris, 14e arrondissement (France)
400    $7 ba0yba0y $8 fre    $9     $a Jamati $b Viviane Isambert-
686    $a 300 $c Sciences sociales $2 Note de regroupement par domaine
801    $a FR $b FR-751131015 $c 20191128
810    $a L'Industrie horlogère dans la région de Besançon / par Viviane Isambert-Jamati, 1955
810    $a Le dictionnaire universel des créatrices / Béatrice Didier, Antoinette Fouque, Mireille Calle-Gruber, 2013 $a État civil de Paris (France). Tables décennales 1923-1932. Naissances, 14e arr., 22/10/1924 $a Le Monde, 2019-11-22 [avis de décès]
810    $a BN Cat. gén. suppl.
999    $a FRBNF11908286X $b 11908286
152    $b NP

