00705cx  a2200253   4500
001 26634
003 http://catalogue.bnf.fr/ark:/12148/cb11918411r
005 20240505063901.0
010    $a 000000006119636X $2 VIAF $d 20130724
033    $a http://catalogue.bnf.fr/ark:/12148/cb11918411r
035    $a FRBNF119184113
039    $o OPL $a 001187161
039    $o OPP $a 13222234 $d 20080919
039    $o OPP $a 14054160 $d 20080919
100    $a 19760406afrey50      ba0
101    $a fre
102    $a FR
105    $a a $a p
106    $a 1  
200    $7 ba0yba0y $8 fre    $9  0  $a Pagnol $b Jean
801    $a FR $b FR-751131015 $c 20080919
810    $a L'Olivier / l'auteur, 1985
999    $a FRBNF119184113 $b 11918411
152    $b NP

