01181cx  a2200349   4500
001 26779
003 http://catalogue.bnf.fr/ark:/12148/cb119045664
005 20240505064743.0
010    $a 000000010877720X $2 VIAF $d 20130724
033    $a http://catalogue.bnf.fr/ark:/12148/cb119045664
035    $a FRBNF119045665
039    $o OPL $a 000810680
039    $o OPP $a 10271204 $d 20170927
039    $o OPP $a 10092045 $d 20180109
039    $o OPP $a 10899601 $d 20180109
039    $o OPP $a 11457774 $d 20180109
039    $o OPP $a 15464609 $d 20180109
100    $a 19751002afrey50      ba0
101    $a fre
102    $a FR
103    $a  19150226  19931005 
105    $a a
106    $a 1  
120    $a b
200    $7 ba0yba0y $8 fre    $9  0  $a Genet $b Lucien $f 1915-1993
300 0  $a Inspecteur général de l'Éducation nationale
301    $a Paris, 3e arrondissement (France) $b Paris, 12e arrondissement (France)
801    $a FR $b FR-751131015 $c 20180109
810    $a Histoire du XIXe siècle, 1815-1919 / par Lucien Genet, 1980
810    $a Le Monde, 1993-10-09 $a État civil de Paris, 12e arr. (France). Décès, 06-10-1993, n° 1609
999    $a FRBNF119045665 $b 11904566
152    $b NP

