01390cx  a2200325   4500
001 26950
003 http://catalogue.bnf.fr/ark:/12148/cb118889133
005 20240519022637.0
010    $a 0000000061562841 $2 ISNI $d 20150312
033    $a http://catalogue.bnf.fr/ark:/12148/cb118889133
035    $a FRBNF118889138
039    $o OPL $a 000402020
039    $o OPP $a 14870585 $d 20150723
100    $a 19771108afrey50      ba0
101    $a fre
102    $a FR
103    $a  19470405           
105    $a a $c e $c i
106    $a 1  
120    $a b
200    $7 ba0yba0y $8 fre    $9  0  $a Anseeuw $b Alin $f 1947-....
300 0  $a Poète. - Illustrateur. - Artiste. - Enseignant. - Vit et travaille à Béthune, Pas-de-Calais (en 2000). - Éditeur et imprimeur de la collection Ecbolade
301    $a Béthune, France
400    $7 ba0yba0y $8 fre    $9     $a Anseeuw $b Alain $f 1947-....
500    $5 z $0 Voir aussi $3 12754614 $7 ba0yba0y $8 fre    $9  0  $a Senève $b Pierre-Marie $f 1947-....
500    $5 z $0 Voir aussi $3 13342329 $7 ba0yba0y $8 fre    $9  0  $a Merveille $b André $f 1947-....
801    $a FR $b FR-751131015 $c 20190318
810    $a Les gitans dans la péninsule ibérique [rapport de voyage Zellidja] / Alain Anseeuw, 1966 $a La guerre vite, sinon j'étouffe : poèmes / Alin Anseeuw, 2000 $a Sonnets / Alain Anseeuw ; dessins [de] Mireille Désidéri, 1994
999    $a FRBNF118889138 $b 11888913
152    $b NP

