01434cx  a2200361   4500
001 27119
003 http://catalogue.bnf.fr/ark:/12148/cb11902022n
005 20240507072514.0
010    $a 0000000108983409 $2 VIAF $d 20130724
033    $a http://catalogue.bnf.fr/ark:/12148/cb11902022n
035    $a FRBNF119020224
039    $o OPL $a 00074453X $z APP
039    $o OPL $a 001750485 $z AMA
100    $a 19750328afrey50      ba0
101    $a eng
102    $a GB
103    $a  19020921  19730911 
105    $a a
106    $a 010
120    $a b
152    $c 2 $b NP
200    $7 ba0yba0y $8 fre    $9  0  $a Evans-Pritchard $b Edward $f 1902-1973
300    $a Professeur d'anthropologie sociale à l'Université d'Oxford
301    $a Crowborough (Royaume-Uni) $b Oxford (Royaume-Uni)
400    $7 ba0yba0y $8 fre    $9     $a Pritchard $b Edward Evans-
400    $7 ba0yba0y $8 fre    $9     $a Evans-Pritchard $b Edward Evan
400    $7 ba0yba0y $8 fre    $9     $a Pritchard $b Edward Evan Evans-
686    $a 570 $c Sciences de la vie $2 Note de regroupement par domaine
801    $a FR $b FR-751131015 $c 20221213
810    $a Le futur de l'humanité, l'homme sur la terre / [rédacteur en chef, sir Edward Evans-Pritchard], 1977
810    $a BLNA, 1995-03 : Evans-Pritchard, Sir Edward, 1902-1973 $a LC Authorities : Evans-Pritchard, E. E. (Edward Evan), 1902-1973
810    $a BN Cat. gén. suppl. $a BN Cat. gén. 1960-1969
999    $a FRBNF119020224 $b 11902022

