00996cx  a2200277   4500
001 27270
003 http://catalogue.bnf.fr/ark:/12148/cb16165451m
005 20240514023848.0
010    $a 0000000106698962 $2 VIAF $d 20130807
033    $a http://catalogue.bnf.fr/ark:/12148/cb16165451m
035    $a FRBNF161654510
100    $a 20091214afrey50      ba0
101    $a fre
102    $a FR
103    $a  19820518           
105    $a a
106    $a 1  
120    $a a
200    $7 ba0yba0y $8 fre    $9  0  $a Arbona $b Marion $f 1982-....
300 0  $a Illustratrice
801    $a FR $b FR-751131015 $c 20110321
810    $a Mon île blessée / de Jacques Pasquet ; illustré par Marion Arbona, DL 2009
810    $a Le choix des libraires - http://www.lechoixdeslibraires.com/livre-100165-la-petite-fille-a-la-jambe-de-bois.htm (2011-03-21)
856    $u http://www.lechoixdeslibraires.com/livre-100165-la-petite-fille-a-la-jambe-de-bois.htm $e 2011-03-21
999    $a FRBNF161654510 $b 16165451
152    $b NP

