00975cx  a2200277   4500
001 27447
003 http://catalogue.bnf.fr/ark:/12148/cb15093700c
005 20240518024235.0
010    $a 0000000121337305 $2 VIAF $d 20130805
033    $a http://catalogue.bnf.fr/ark:/12148/cb15093700c
035    $a FRBNF150937005
100    $a 20060907afrey50      ba0
102    $a SE
103    $a  19540815  20041109 
105    $a a
106    $a 010
120    $a b
152    $c 2 $b NP
200    $7 ba0yba0y $8 fre    $9  0  $a Larsson $b Stieg $f 1954-2004
300    $a Romancier, journaliste. - Rédacteur en chef d'"Expo"
686    $a 800 $c Histoire et critique littéraires $2 Note de regroupement par domaine
801    $a FR $b FR-751131015 $c 20120911
810    $a "Millénium" / Stieg Larsson, 2006-
810    $a Babelio - http://www.babelio.com/auteur/Stieg-Larsson/4417 (2012-09-11)
856    $u http://www.babelio.com/auteur/Stieg-Larsson/4417 $e 2012-09-11
999    $a FRBNF150937005 $b 15093700

