02368cx  a2200481   4500
001 27602
003 http://catalogue.bnf.fr/ark:/12148/cb11932961n
005 20240519072916.0
033    $a http://catalogue.bnf.fr/ark:/12148/cb11932961n
035    $a FRBNF119329612
039    $o OPL $a 001539748
039    $o OPL $a 01036937X
039    $o OPP $a 12405670 $d 20110322
100    $a 19820209afrey50      ba0
106    $a 211
152    $b SNC $c 2
159    $a rameau
250    $7 ba0yba0y $8 fre    $9     $a Piano
300 1  $a Cithare sur caisse à cordes frappées avec mécanismes (clavier, marteaux, sautereaux et pédales)
450    $7 ba0yba0y $8 fre    $9     $a Piano acoustique
450    $7 ba0yba0y $8 fre    $9     $a Piano-forte
450    $7 ba0yba0y $8 fre    $9     $a Pianoforte
550    $5 z $0 Voir aussi $3 11965137 $7 ba0yba0y $8 fre    $9     $a Facture de piano
550    $5 z $0 Voir aussi $3 11960489 $7 ba0yba0y $8 fre    $9     $a Pianistes
550    $5 z $0 Voir aussi $3 16035513 $7 ba0yba0y $8 fre    $9     $a Piano-jouet
550    $5 z $0 Voir aussi $3 11957895 $7 ba0yba0y $8 fre    $9     $a Piano $x Étude et enseignement
550    $5 h $3 11933131 $7 ba0yba0y $8 fre    $9     $a Piano électronique
550    $5 h $3 11975043 $7 ba0yba0y $8 fre    $9     $a Piano mécanique
550    $5 g $3 16682770 $7 ba0yba0y $8 fre    $9     $a Cithares sur caisse
550    $5 g $3 11932125 $7 ba0yba0y $8 fre    $9     $a Instruments à clavier
550    $5 g $3 16672645 $7 ba0yba0y $8 fre    $9     $a Instruments à cordes frappées
580  0 $5 z $0 Voir aussi $3 11960490 $7 ba0yba0y $8 fre    $9     $a Piano $x Musique de
686    $a 780 $c Musique $2 Note de regroupement par domaine
801    $a FR $b FR-751131015 $c 20221201
810    $a Grand Larousse universel $a Encycl. universalis - http://www.universalis-edu.com (2018-09-07)
810    $a Dict. de la musique / M. Honegger, 1976 $a Dict. de la musique / M. Vignal, 2005 $a Encycl. des instruments de musique / A. Buchner, 1980 $a Dict. encyclopédique de la musique / D. Arnold, 1988 $a Dict. des mots de la musique / J. Siron, 2006
822 12 $a Piano $2 LCSH $u http://id.loc.gov/authorities/subjects/sh85101722 $d 2022-12-01
822 12 $a Piano $2 RVMLaval $d 2022-12-01
822 25 $i 311.612.1 F $2 Dournon $d 2022-12-01
822 25 $i 314.122-4 $2 H/S $d 2022-12-01
822 25 $i 314.122-8 $2 H/S $d 2022-12-01
856    $u http://www.universalis-edu.com $e 2018-09-07
999    $a FRBNF119329612 $b 11932961

