01413cx  a2200277   4500
001 27801
003 http://catalogue.bnf.fr/ark:/12148/cb12151423n
005 20240518060801.0
010    $a 0000000121450439 $2 VIAF $d 20130725
033    $a http://catalogue.bnf.fr/ark:/12148/cb12151423n
035    $a FRBNF121514237
039    $o OPL $a 005127432
100    $a 19900621afrey50      ba0
101    $a fre $t ita
102    $a CH
103    $a  19600420           
105    $a a $a p
106    $a 1  
120    $a b
152    $c 2 $b NP
200    $7 ba0yba0y $8 fre    $9  0  $a Comment $b Bernard $f 1960-....
300 0  $a Traduit de l'italien en français
300 0  $a Romancier, essayiste, traducteur. - Licencié és lettres. - Lecteur à l'Université de Pise, Italie (1986-1990). - Pensionnaire de la Villa Médicis, Académie de France à Rome (1993-1994). - Directeur de la fiction à France Culture (1999-2004). - Éditeur et directeur de la collection Fiction & Cie aux éditions du Seuil (depuis 2004)
801    $a FR $b FR-751131015 $c 20120705
810    $a L'ombre de mémoire / B. Comment, 1990 $a Le XIXe siècle des panoramas / Bernard Comment, 1993 $a Piero Di Cosimo / Anna Forlani Tempesti, Elena Capretti ; trad. de Bernard Comment et Fabienne Pasquet, 1996 $a Dictionnaire des écrivains suisses d'expression française / Alain Nicollier ; Henri charles Dahlem, 1994 $a WW, France 2011
999    $a FRBNF121514237 $b 12151423

