02171cx  a2200397   4500
001 28014
003 http://catalogue.bnf.fr/ark:/12148/cb11933248r
005 20240519044257.0
033    $a http://catalogue.bnf.fr/ark:/12148/cb11933248r
035    $a FRBNF119332487
039    $o OPL $a 001543344
100    $a 19820209afrey50      ba0
106    $a 211
152    $b SNC $c 2
159    $a rameau
250    $7 ba0yba0y $8 fre    $9     $a Sculpture sur bois
305 1  $a Voir aussi les vedettes du type Sculpture sur bois [adjectif de civilisation, ethnique, de nationalité ou d'origine géographique, de religion ou de style]
450    $7 ba0yba0y $8 fre    $9     $a Bois, Sculpture sur
450    $7 ba0yba0y $8 fre    $9     $a Sculpture de bois
450    $7 ba0yba0y $8 fre    $9     $a Sculpture en bois
550    $5 z $0 Voir aussi $3 11983366 $7 ba0yba0y $8 fre    $9     $a Sculpteurs sur bois
550    $5 z $0 Voir aussi $3 12493836 $7 ba0yba0y $8 fre    $9     $a Sculpture $x Matériaux
550    $5 h $3 11958005 $7 ba0yba0y $8 fre    $9     $a Objets en bois
550    $5 h $3 16026979 $7 ba0yba0y $8 fre    $9     $a Sculpture au couteau
550    $5 h $3 11951757 $7 ba0yba0y $8 fre    $9     $a Sculpture sur bois de la Renaissance
550    $5 h $3 12098983 $7 ba0yba0y $8 fre    $9     $a Sculpture sur bois médiévale
550    $5 g $3 11933241 $7 ba0yba0y $8 fre    $9     $a Sculpture
686    $a 730 $c Arts plastiques, sculpture $2 Note de regroupement par domaine
801    $a FR $b FR-751131015 $c 20140226
810    $a Encycl. universalis (art. : Slaves du sud (Art des)) - http://www.universalis-edu.com (2014-02-24) $a Trésor de la langue française (art. : Sculpture)
810    $a La sculpture : méthode et vocabulaire / Ministère de la culture et de la communication, Inventaire général des monuments et des richesses artistiques de la France, M.-T. Baudry, D. Bozo, 1978
822 12 $a Sculpture sur bois $2 RVMLaval $d 2014-02-26
822 1  $a Wood sculpture $2 LCSH $u http://id.loc.gov/authorities/subjects/sh98006362 $d 2017-02-09
822 1  $a Wood-carving $2 LCSH $u http://id.loc.gov/authorities/subjects/sh85147809 $d 2017-02-09
856    $u http://www.universalis-edu.com $e 2014-02-24
999    $a FRBNF119332487 $b 11933248

