01453cx  a2200301   4500
001 28173
003 http://catalogue.bnf.fr/ark:/12148/cb11938968h
005 20240518043845.0
033    $a http://catalogue.bnf.fr/ark:/12148/cb11938968h
035    $a FRBNF119389680
039    $o OPL $a 001615683
100    $a 19810522afrey50      ba0
101    $a fre
102    $a FR
103    $a  19150910           
106    $a 210
152    $b TU $c 2
159    $a rameau
230    $7 ba0yba0y $8 fre    $9     $a Le Canard enchaîné $n périodique
300 1  $a Hebdomadaire satirique illustré, fondé à Paris en 1915 par Jeanne et Maurice Maréchal. Édité par la Société anonyme Les Éditions Maréchal-Le Canard enchaîné
303    $a 173 rue Saint-Honoré, 75051 Paris Cedex 01. Contact : 01 42 60 31 36. Télécopie : 01 49 27 97 87
686    $a 020 $c Sciences de l'information $2 Note de regroupement par domaine
801    $a FR $b FR-751131015 $c 20130619
810    $a Grand Larousse universel $a Wikipédia - https://fr.wikipedia.org (2013-06-19)
810    $a Répertoire de la presse et des publications périodiques françaises. 1977-1978 / Bibliothèque nationale, 1981 $a Une enquête de police sur "Le Canard enchaîné" / C. Plume, X. Pasquini, 1980 $a Le Canard enchaîné - http://lecanardenchaine.fr (2013-06-19)
856    $u https://fr.wikipedia.org $e 2013-06-19
856    $u http://lecanardenchaine.fr $e 2013-06-19
999    $a FRBNF119389680 $b 11938968

