01601cx  a2200373   4500
001 28351
003 http://catalogue.bnf.fr/ark:/12148/cb11934091k
005 20240514020132.0
033    $a http://catalogue.bnf.fr/ark:/12148/cb11934091k
035    $a FRBNF119340911
039    $o OPL $a 001553580
100    $a 19850620afrey50      ba0
106    $a 200
152    $b SNG $c 2
159    $a rameau
215    $7 ba0yba0y $8 fre    $9     $a Bourgogne (France)
415    $7 ba0yba0y $8 fre    $9     $a Bourgogne
415    $7 ba0yba0y $8 fre    $9     $a Bourgogne (duché)
515    $5 h $3 11943212 $7 ba0yba0y $8 fre    $9     $a Basse-Bourgogne (France)
515    $5 h $3 11931735 $7 ba0yba0y $8 fre    $9     $a Côte-d'Or (France)
515    $5 h $3 11937115 $7 ba0yba0y $8 fre    $9     $a Nièvre (France)
515    $5 h $3 11935883 $7 ba0yba0y $8 fre    $9     $a Saône-et-Loire (France)
515    $5 h $3 11942345 $7 ba0yba0y $8 fre    $9     $a Yonne (France)
550    $5 z $0 Voir aussi $3 16548826 $7 ba0yba0y $8 fre    $9     $a Et la Bourgogne
550    $5 z $0 Voir aussi $3 13318404 $7 ba0yba0y $8 fre    $9     $a Bourguignons
550    $5 h $3 11943212 $7 ba0yba0y $8 fre    $9     $a Basse-Bourgogne (France)
550    $5 h $3 11931735 $7 ba0yba0y $8 fre    $9     $a Côte-d'Or (France)
550    $5 h $3 11937115 $7 ba0yba0y $8 fre    $9     $a Nièvre (France)
550    $5 h $3 11935883 $7 ba0yba0y $8 fre    $9     $a Saône-et-Loire (France)
550    $5 h $3 11942345 $7 ba0yba0y $8 fre    $9     $a Yonne (France)
550    $5 g $3 17023173 $7 ba0yba0y $8 fre    $9     $a Bourgogne-Franche-Comté (France)
801    $a FR $b FR-751131015 $c 19900529
810    $a GDEL
999    $a FRBNF119340911 $b 11934091

