01154cx  a2200265   4500
001 28524
003 http://catalogue.bnf.fr/ark:/12148/cb11913718s
005 20230908060834.0
010    $a 0000000121244264 $2 VIAF $d 20130724
033    $a http://catalogue.bnf.fr/ark:/12148/cb11913718s
035    $a FRBNF119137188
039    $o OPL $a 001057883
100    $a 19800618afrey50      ba0
101    $a fre
102    $a FR
103    $a  19490425           
105    $a a
106    $a 1  
120    $a b
200    $7 ba0yba0y $8 fre    $9  0  $a Mabille $b Gérard $f 1949-....
300 0  $a Conservateur en chef du patrimoine. - En poste au Château de Versailles (en 2010). - Postes précédents : Musée des arts décoratifs, Paris, Département des objets d'art du Musée du Louvre, Musée national du Château de la Malmaison
801    $a FR $b FR-751131015 $c 20110224
810    $a Le Musée Nissim de Camondo / N. Gasc, G. Mabille, 1991 $a Les bronzes d'ameublement du Louvre / Daniel Alcouffe, Anne Dion-Tenenbaum, Gérard Mabille, 2004 $a La Ménagerie de Versailles / Gérard Mabille,... Joan Pieragnoli, impr. 2010
999    $a FRBNF119137188 $b 11913718
152    $b NP

