01515cx  a2200325   4500
001 28681
003 http://catalogue.bnf.fr/ark:/12148/cb12360942m
005 20240512041519.0
010    $a 0000000121215973 $2 VIAF $d 20130726
033    $a http://catalogue.bnf.fr/ark:/12148/cb12360942m
035    $a FRBNF123609424
039    $o OPL $a 009591191
039    $o OPP $a 14142833 $d 20110310
039    $o OPP $a 14939085 $d 20110310
100    $a 19940114afrey50      ba0
101    $a fre
102    $a FR
103    $a  19..               
105    $a a $a p
106    $a 1  
120    $a a
200    $7 ba0yba0y $8 fre    $9  0  $a Vallès-Bled $b Maïthé
300 0  $a Conservateur en chef du Patrimoine. - Directrice du Festival "Voix de la Méditerranée" (en 2010). - Directrice du Musée Paul Valéry, Sète (en 2010)
400    $7 ba0yba0y $8 fre    $9     $a Bled $b Maïthé Vallès-
801    $a FR $b FR-751131015 $c 20120131
810    $a Dufy en Méditerranée : [exposition], Musée Paul Valéry, Sète, 18 juin-31 octobre 2010 / [catalogue par] Maïthé Vallès-Bled, 2010
810    $a France Culture - http://www.franceculture.com/personne-ma%C3%AFth%C3%A9-vall%C3%A8s-bled.html (2011-03-10) $a Canal Académie - http://www.canalacademie.com/idm1444-+-Maithe-Valles-Bled-+.html (2011-03-10)
856    $u http://www.franceculture.com/personne-ma%C3%AFth%C3%A9-vall%C3%A8s-bled.html $e 2011-03-10 $u http://www.canalacademie.com/idm1444-+-Maithe-Valles-Bled-+.html $e 2011-03-10
999    $a FRBNF123609424 $b 12360942
152    $b NP

