02205cx  a2200433   4500
001 28852
003 http://catalogue.bnf.fr/ark:/12148/cb119331176
005 20240517075021.0
033    $a http://catalogue.bnf.fr/ark:/12148/cb119331176
035    $a FRBNF119331175
039    $o OPL $a 001541628
100    $a 19820908afrey50      ba0
106    $a 211
152    $b GENRE/FORM $c 2
159    $a rameau
180    $a b
280  0 $7 ba0yba0y $8 fre    $9     $a Photographie artistique
305 1  $a Voir aussi la subdivision Photographie
480  0 $7 ba0yba0y $8 fre    $9     $a Art $x Photographie
480  0 $7 ba0yba0y $8 fre    $9     $a Photographie d'art
480  0 $7 ba0yba0y $8 fre    $9     $a Photographie esthétisante
480  0 $7 ba0yba0y $8 fre    $9     $a Photographie picturale
480  0 $7 ba0yba0y $8 fre    $9     $a Photographie plasticienne
480  0 $7 ba0yba0y $8 fre    $9     $a Photographie subjective
550    $5 h $3 12513870 $7 ba0yba0y $8 fre    $9     $a Photographie dans la photographie
550    $5 h $3 12472275 $7 ba0yba0y $8 fre    $9     $a Photographie du corps humain
550    $5 h $3 15586642 $7 ba0yba0y $8 fre    $9     $a Photographie mise en scène
550    $5 h $3 13568014 $7 ba0yba0y $8 fre    $9     $a Tableaux photographiques
580  0 $5 h $3 12063883 $7 ba0yba0y $8 fre    $9     $a Nature morte (photographie)
580  0 $5 h $3 12569337 $7 ba0yba0y $8 fre    $9     $a Photographie de studio
580  0 $5 g $3 12010336 $7 ba0yba0y $8 fre    $9     $a Photographie
686    $a 770 $c Photographie $2 Note de regroupement par domaine
801    $a FR $b FR-751131015 $c 20230613
810    $a Encycl. Larousse (art. : Photographie) - http://www.larousse.fr (2014-10-16)
810    $a La photographie artistique : répertoire des collections... / Délégation aux arts plastiques, 1998 $a Dict. de la photographie / Conseil international de la langue française, 1990 : photographie picturale $a Dict. des termes d'art et d'archéologie / J. Girard, 2007 (art. : Photographie esthétisante)
822 12 $a Photography, Artistic $2 LCSH $u http://id.loc.gov/authorities/subjects/sh85101269 $d 2023-06-13
822 12 $a Photographie artistique $2 RVMLaval $d 2023-06-13
856    $u http://www.larousse.fr $e 2014-10-16
999    $a FRBNF119331175 $b 11933117

