01834cx  a2200373   4500
001 29029
003 http://catalogue.bnf.fr/ark:/12148/cb12210583w
005 20240508032541.0
033    $a http://catalogue.bnf.fr/ark:/12148/cb12210583w
035    $a FRBNF122105834
039    $o OPL $a 007432272
100    $a 19910718afrey50      ba0
106    $a 211
152    $b GENRE/FORM $c 2
159    $a rameau
180    $a b
280  0 $7 ba0yba0y $8 fre    $9     $a Swing (jazz)
300 1  $a Style de jazz joué dans les années 1930 et 1940, appelé "mainstream" (courant pricipal) dans ses prolongements plus récents
480  0 $7 ba0yba0y $8 fre    $9     $a Jazz classique
480  0 $7 ba0yba0y $8 fre    $9     $a Mainstream (jazz)
480  0 $7 ba0yba0y $8 fre    $9     $a Middle jazz
480  0 $7 ba0yba0y $8 fre    $9     $a Modern mainstream (jazz)
550    $5 z $0 Voir aussi $3 17904960 $7 ba0yba0y $8 fre    $9     $a Zazous
580  0 $5 z $0 Voir aussi $3 16064288 $7 ba0yba0y $8 fre    $9     $a Western swing
580  0 $5 g $3 11938040 $7 ba0yba0y $8 fre    $9     $a Jazz
686    $a 780 $c Musique $2 Note de regroupement par domaine
801    $a FR $b FR-751131015 $c 20210826
810    $a Grand Larousse universel $a Encycl. universalis - http://www.universalis-edu.com (2010-09-02)
810    $a Dict. du jazz / P. Carles, A. Clergeat, J.-L. Comolli, 1994 $a Encycl. illustrée de toutes les musiques / P. Du Noyer, 2004 $a Oxford music online - http://www.grovemusic.com (2007-07-05) $a Jazz styles - http://www.jazz-styles.com (2007-07-05)
822 12 $a Swing (Music) $2 LCSH $u http://id.loc.gov/authorities/subjects/sh90002707 $d 2020-10-23
822 12 $a Swing (Musique) $2 RVMLaval $d 2020-10-23
856    $u http://www.universalis-edu.com $e 2010-09-02
856    $u http://www.grovemusic.com $e 2007-07-05 $u http://www.jazz-styles.com $e 2007-07-05
999    $a FRBNF122105834 $b 12210583

