01036cx  a2200289   4500
001 29210
003 http://catalogue.bnf.fr/ark:/12148/cb13545064q
005 20240513030030.0
010    $a 0000000122777302 $2 VIAF $d 20130731
033    $a http://catalogue.bnf.fr/ark:/12148/cb13545064q
035    $a FRBNF135450645
039    $o OPL $a 014836308
100    $a 20000306afrey50      ba0
101    $a fre
102    $a CM
103    $a  19560603           
105    $a a
106    $a 1  
152    $c 2 $b NP
200    $7 ba0yba0y $8 fre    $9  0  $a Kingue Epanya $b Christian $f 1956-....
300 0  $a Illustrateur d'ouvrages pour la jeunesse
400    $7 ba0yba0y $8 fre    $9     $a Epanya $b Christian Kingue $f 1956-....
400    $7 ba0yba0y $8 fre    $9     $a Epanya $b Christian $f 1956-....
801    $a FR $b FR-751131015 $c 20111220
810    $a Pourquoi je ne suis pas sur la photo ? / texte, Kidi Bebey ; ill., Christian Kingue Epanya, 1999
810    $a D'images et d'Afrique : exposition... Bobigny... 1999-2000, 1999
999    $a FRBNF135450645 $b 13545064

