01025cx  a2200277   4500
001 29343
003 http://catalogue.bnf.fr/ark:/12148/cb12440125k
005 20240507052237.0
010    $a 0000000078335477 $2 VIAF $d 20130726
033    $a http://catalogue.bnf.fr/ark:/12148/cb12440125k
035    $a FRBNF124401255
039    $o OPL $a 010782489
100    $a 19950110afrey50      ba0
101    $a eng
102    $a GB
103    $a  1574    ? 16170811 
105    $a a
106    $a 010
152    $c 2 $b NP
200    $7 ba0yba0y $8 fre    $9  0  $a Tregian $b Francis $f 1574?-1617
300    $a Mélomane anglais. - On lui attribue la copie manuscrite de trois recueils de mélodies et pièces instrumentales
801    $a FR $b FR-751131015 $c 20041203
810    $a Bara Faustus' dreame [Enregistrement sonore] : Mr Francis Tregian his choice. α 063
810    $a Grove Music Online [1574-1617] - http://www.grovemusic.com (2004-12-03) $a GLE [1574-1619]
856    $u http://www.grovemusic.com $e 2004-12-03
999    $a FRBNF124401255 $b 12440125

