01571cx  a2200421   4500
001 29530
003 http://catalogue.bnf.fr/ark:/12148/cb122985615
005 20240511023454.0
010    $a 0000000121186690 $2 ISNI $d 20131217
033    $a http://catalogue.bnf.fr/ark:/12148/cb122985615
035    $a FRBNF122985612
039    $o OPL $a 001835081 $z AMA
039    $o OPL $a 008793681 $z APP
039    $o OPP $a 15458634 $d 20200827
039    $o OPP $a 14988142 $d 20200827
039    $o OPP $a 16479074 $d 20200827
039    $o OPP $a 16479073 $d 20200827
100    $a 19930204afrey50      ba0
101    $a fre
102    $a FR
103    $a  18940913  19790323 
105    $a a
106    $a 010
120    $a b
200    $7 ba0yba0y $8 fre    $9  0  $a Demiéville $b Paul $f 1894-1979
300    $a Sinologue. - Professeur au Collège de France (1946-1964)
301    $a Lausanne, Suisse $b Paris
302    $a D'origine suisse $a Naturalisé français
400    $7 ba0yba0a $8 frechi $9     $a Dai mi wei $f 1894-1979
400    $7 ba0yea0y $8 frechi $9     $a 戴密微 $f 1894-1979
686    $a 400 $c Langues et linguistique $2 Note de regroupement par domaine
801    $a FR $b FR-751131015 $c 20200827
810    $a L'Inde classique : manuel des études indiennes. Tome II / Louis Renou et Jean Filliozat ; avec le concours de Paul Demiéville, 1996
810    $a GDEL $a WW France 1977-1978 $a Notice sur la vie... de Paul Demiéville / J. Gernet, 1986
810    $a BN Cat. gén. suppl. $a BN Cat. gén. 1960-1969
815    $a WW France 1983-1984
999    $a FRBNF122985612 $b 12298561
152    $b NP

