01310cx  a2200385   4500
001 29704
003 http://catalogue.bnf.fr/ark:/12148/cb11915355c
005 20240508071756.0
010    $a 0000000117688401 $2 VIAF $d 20130724
010    $y 0000000080731356 $2 ISNI $d 20150313
033    $a http://catalogue.bnf.fr/ark:/12148/cb11915355c
035    $a FRBNF119153559
039    $o OPL $a 001101970
039    $o OPP $a 11208110 $d 20160118
039    $o OPP $a 10531048 $d 20160118
039    $o OPP $a 14862225 $d 20160118
039    $o OPP $a 15476304 $d 20160118
039    $o OPP $a 14310684 $d 20210226
039    $o OPP $a 14059168 $d 20210302
039    $o OPP $a 11542686 $d 20160118
100    $a 19760623afrey50      ba0
101    $a fre
102    $a FR
103    $a  1901      1987     
105    $a a $a p
106    $a 1  
120    $a b
200    $7 ba0yba0y $8 fre    $9  0  $a Mayoux $b Jean-Jacques $f 1901-1987
300 0  $a Professeur de littérature anglaise à la Sorbonne (1951-1973)
801    $a FR $b FR-751131015 $c 20210302
810    $a La peinture anglaise / J.-J. Mayoux, 1988
810    $a Dictionnaire de la radio / R. Prot, 1997 $a Archives de l'UNESCO - https://atom.archives.unesco.org (2021-03-02)
856    $u https://atom.archives.unesco.org $e 2021-03-02
999    $a FRBNF119153559 $b 11915355
152    $b NP

