01164cx  a2200313   4500
001 30084
003 http://catalogue.bnf.fr/ark:/12148/cb138953047
005 20240507053038.0
010    $a 0000000081116195 $2 VIAF $d 20131024
033    $a http://catalogue.bnf.fr/ark:/12148/cb138953047
035    $a FRBNF13895304X
039    $o OPP $a 13828209 $d 20090514
039    $o OPP $a 14990724 $d 20090514
100    $a 19890601afrey50      ba0
102    $a US
103    $a  18710430  19470506 
105    $a a $a i
106    $a 1  
120    $a a
152    $c 2 $b NP
200    $7 ba0yba0y $8 fre    $9  0  $a Homer $b Louise $f 1871-1947
300 0  $a Artiste lyrique (alto)
301    $a Pittsburgh (Penn.) $b Winter Park (Fla. )
400    $7 ba0yba0y $8 fre    $9     $a Beatty $b Louise $f 871-1947
801    $a FR $b FR-751131015 $c 20090612
810    $a 12 Divas américaines [Enregistrement sonore] / Paolo Tosti, Franz Schubert, Ferenc Erkel... [et al.], comp. ; Louise Homer... [et al.], chant. Music Memoria 31071
810    $a Grove music online - http://www.oxfordmusiconline.com (2009-05-14)
856    $u http://www.oxfordmusiconline.com $e 2009-05-14
999    $a FRBNF13895304X $b 13895304

