02092cx  a2200481   4500
001 30246
003 http://catalogue.bnf.fr/ark:/12148/cb123673779
005 20240514042914.0
010    $a 0000000082863846 $2 VIAF $d 20130726
033    $a http://catalogue.bnf.fr/ark:/12148/cb123673779
035    $a FRBNF123673779
039    $o OPL $a 009784169
039    $o OPP $a 10845179 $d 20121219
039    $o OPP $a 10097450 $d 20121219
039    $o OPP $a 11292022 $d 20121219
039    $o OPP $a 11218008 $d 20121219
039    $o OPP $a 10614350 $d 20121219
039    $o OPP $a 10639235 $d 20121219
039    $o OPP $a 10129142 $d 20121219
039    $o OPP $a 11291938 $d 20121219
039    $o OPP $a 11291939 $d 20121219
039    $o OPP $a 11292021 $d 20121219
039    $o OPP $a 11566846 $d 20121219
039    $o OPP $a 14355115 $d 20121219
039    $o OPP $a 11217775 $d 20121219
100    $a 19940124afrey50      ba0
101    $a fre
102    $a FR
103    $a  18950827  19900220 
105    $a a
106    $a 1  
120    $a b
200    $7 ba0yba0y $8 fre    $9  0  $a Brèthe de La Gressaye $b Jean $f 1895-1990
300 0  $a Juriste. - Professeur à la Faculté de droit et des sciences économiques de Bordeaux (1938-1966). - Docteur en droit (Bordeaux, 1921). - Agrégé de droit privé (1926)
301    $a Bordeaux (Gironde) $b Bordeaux (Gironde)
400    $7 ba0yba0y $8 fre    $9     $a La Gressaye $b Jean Brèthe de $f 1895-1990
400    $7 ba0yba0y $8 fre    $9     $a Brethe $b Jean $f 1895-1990
801    $a FR $b FR-751131015 $c 20121219
810    $a De la nature juridique de la convention collective de travail / par Jean Brethe, 1921 [thèse] $a Introduction générale à l'étude du droit / Jean Brethe de La Gressaye, Marcel Laborde-Lacoste, 1947 $a Recherches sur l'application du droit privé aux services publics administratifs / par Jean Lamarque ; préf. de J. M. Auby et J. Brèthe de La Gressaye, 1960
810    $a La Faculté de droit de Bordeaux : 1870-1970 / Marc Malherbe, 1996
810    $a BN Cat. gén. suppl. : Brèthe de La Gressaye, Jean
999    $a FRBNF123673779 $b 12367377
152    $b NP

