01561cx  a2200373   4500
001 30402
003 http://catalogue.bnf.fr/ark:/12148/cb118905107
005 20240519030836.0
010    $a 0000000110320321 $2 VIAF $d 20130724
033    $a http://catalogue.bnf.fr/ark:/12148/cb118905107
035    $a FRBNF118905101
039    $o OPL $a 00174702X $z AMA
039    $o OPL $a 000443572 $z APP
039    $o OPP $a 14051008 $d 20060622
039    $o OPP $a 14059024 $d 20060622
039    $o OPP $a 14848676 $d 20060622
039    $o OPP $a 14668251 $d 20060622
039    $o OPP $a 11555428 $d 20060622
039    $o OPP $a 11249997 $d 20060622
100    $a 19750115afrey50      ba0
101    $a fre
102    $a FR
103    $a  19260701  19960417 
105    $a a $a p
106    $a 010
120    $a b
200    $7 ba0yba0y $8 fre    $9  0  $a Bastide $b François-Régis $f 1926-1996
300    $a Romancier, éditeur, critique littéraire, diplomate. - Directeur des programmes musicaux de Radio-Sarrebruck, puis producteur de l'émission radiophonique puis télévisuelle Le masque et la plume (1953-1982). - Ambassadeur de France à Copenhague, à Vienne et à l'Unesco
801    $a FR $b FR-751131015 $c 20090519
810    $a L'Enchanteur et nous / François-Régis Bastide, 1981
810    $a WW, France 1988-1989 $a Monde, 1996-04-19 $a Libération, 1996-04-18 $a Livre-Hebdo, 1996-04-19 : décédé le 16-04-1996 $a Qui était qui, XXe siècle / Béatrice et Michel Wattel, 2005
810    $a BN Cat. gén. suppl. $a BN Cat. gén. 1960-1969
999    $a FRBNF118905101 $b 11890510
152    $b NP

