01427cx  a2200313   4500
001 30558
003 http://catalogue.bnf.fr/ark:/12148/cb119309181
005 20240507053749.0
033    $a http://catalogue.bnf.fr/ark:/12148/cb119309181
035    $a FRBNF119309182
039    $o OPL $a 001514620
100    $a 19810211afrey50      ba0
106    $a 211
152    $b SNC $c 2
159    $a rameau
250    $7 ba0yba0y $8 fre    $9     $a Antiquités germaniques
305 1  $a Voir aussi aux antiquités des différents peuples germaniques, par ex. : Antiquités franques
415    $7 ba0yba0y $8 fre    $9     $a Germanie $x Antiquités
450    $7 ba0yba0y $8 fre    $9     $a Archéologie des peuples germaniques
450    $7 ba0yba0y $8 fre    $9     $a Germains $x Antiquités
550    $5 z $0 Voir aussi $3 11930970 $7 ba0yba0y $8 fre    $9     $a Art germanique
550    $5 z $0 Voir aussi $3 11931571 $7 ba0yba0y $8 fre    $9     $a Germains
686    $a 390 $c Ethnologie, anthropologie, folklore $2 Note de regroupement par domaine
686    $a 930 $c Préhistoire et histoire ancienne $2 Note de regroupement par domaine
801    $a FR $b FR-751131015 $c 20110808
822 12 $a Antiquités germaniques $2 RVMLaval $d 2011-08-08
822 1  $a Antiquities, Germanic $2 LCSH $u http://id.loc.gov/authorities/subjects/sh99002357 $d 2017-02-09
822 1  $a Germanic antiquities $2 LCSH $u http://id.loc.gov/authorities/subjects/sh85054435 $d 2017-02-09
999    $a FRBNF119309182 $b 11930918

