01221cx  a2200301   4500
001 30737
003 http://catalogue.bnf.fr/ark:/12148/cb12343174b
005 20240513030657.0
010    $a 0000000108612632 $2 VIAF $d 20130726
033    $a http://catalogue.bnf.fr/ark:/12148/cb12343174b
035    $a FRBNF123431740
039    $o OPL $a 009360843
100    $a 19931022afrey50      ba0
101    $a ger $a eng
102    $a US
103    $a  19520213           
105    $a a
106    $a 1  
120    $a a
152    $c 2 $b NP
200    $7 ba0yba0y $8 fre    $9  0  $a Dische $b Irene $f 1952-....
300 0  $a Auteur de livres pour la jeunesse. - Journaliste et écrivain. - Vit à Berlin (depuis 1980)
301    $a New York
801    $a FR $b FR-751131015 $c 20041126
810    $a Esterhazy, un lièvre à Berlin / Irene Dische, Hans Magnus Enzensberger, Michael Sowa, 1993 $a Esterhazy : eine Hasengeschichte / Irene Dische, Hans Magnus Enzensberger; Bilder von Michael Sowa, 2003
810    $a LCNA - http://authorities.loc.gov (2004-11-23) $a Bibliothèque nationale, Allemagne - http://www.ddb.de (2004-11-23)
856    $u http://authorities.loc.gov $e 2004-11-23 $u http://www.ddb.de $e 2004-11-23
999    $a FRBNF123431740 $b 12343174

