01134cx  a2200373   4500
001 30904
003 http://catalogue.bnf.fr/ark:/12148/cb11905713b
005 20240515063052.0
010    $a 0000000080815672 $2 VIAF $d 20130724
033    $a http://catalogue.bnf.fr/ark:/12148/cb11905713b
035    $a FRBNF119057137
039    $o OPL $a 001718434 $z AMA
039    $o OPL $a 00084233X $z APP
039    $o OPP $a 14064858 $d 20150601
039    $o OPP $a 14808508 $d 20150601
039    $o OPP $a 10954392 $d 20150601
039    $o OPP $a 11471719 $d 20150601
039    $o OPP $a 14102764 $d 20150601
039    $o OPP $a 14182963 $d 20150601
039    $o OPP $a 14896512 $d 20190805
100    $a 19760122afrey50      ba0
101    $a fre
102    $a FR
103    $a  18950716  19890416 
105    $a a
106    $a 010
120    $a a
200    $7 ba0yba0y $8 fre    $9  0  $a Granoff $b Katia $f 1895-1989
300    $a Directrice de galeries de tableaux et poète
301    $a Mykolaïv, Ukraine $b Paris
801    $a FR $b FR-751131015 $c 20190805
810    $a Ma vie et mes rencontres / Katia Granoff, 1981
999    $a FRBNF119057137 $b 11905713
152    $b NP

