01253cx  a2200361   4500
001 31132
003 http://catalogue.bnf.fr/ark:/12148/cb11905369v
005 20240514055633.0
010    $a 0000000081619956 $2 VIAF $d 20130724
033    $a http://catalogue.bnf.fr/ark:/12148/cb11905369v
035    $a FRBNF119053690
039    $o OPL $a 00083256X
039    $o OPP $a 11560024 $d 20080528
039    $o OPP $a 13218190 $d 20080528
039    $o OPP $a 13218189 $d 20080528
039    $o OPP $a 11702460 $d 20080528
039    $o OPP $a 11147096 $d 20080528
039    $o OPP $a 16480853 $d 20160609
100    $a 19750206afrey50      ba0
101    $a fre
102    $a FR
103    $a  19140506  20080525 
105    $a a
106    $a 1  
120    $a b
200    $7 ba0yba0y $8 fre    $9  0  $a Gonidec $b Pierre François $f 1914-2008
300 0  $a Professeur émérite de l'université de Paris-I-Panthéon-Sorbonne. - Président de l'Association française du Tiers-Monde
801    $a FR $b FR-751131015 $c 20160609
810    $a Les organisations internationales africaines / Pierre-François Gonidec, 1988
810    $a Monde, 2008-05-28 (faire-part de décès)
810    $a BN Cat. gén. suppl. $a BN Cat. gén. 1960-1969
999    $a FRBNF119053690 $b 11905369
152    $b NP

