00728nx  a2200241   4500
001 31339
003 http://catalogue.bnf.fr/ark:/12148/cb12271012g
005 20240507054430.0
010    $a 0000000000408488 $2 ISNI $d 20150312
033    $a http://catalogue.bnf.fr/ark:/12148/cb12271012g
035    $a FRBNF122710121
039    $o OPL $a 008452790
100    $a 19921116afrey50      ba0
101    $a fre
102    $a FR
105    $a a
106    $a 1  
200    $7 ba0yba0y $8 fre    $9  0  $a Dupré $b Isabelle
300 0  $a Traduit de l'espagnol en français
801    $a FR $b FR-751131015 $c 19921116
810    $a Nouvelles de Galice / E. Pardo Bazán ; trad. de I. Dupré et C. Pascal, 1992
999    $a FRBNF122710121 $b 12271012
152    $b NP

