02360cx  a2200457   4500
001 31492
003 http://catalogue.bnf.fr/ark:/12148/cb119419383
005 20230908072128.0
033    $a http://catalogue.bnf.fr/ark:/12148/cb119419383
035    $a FRBNF119419383
039    $o OPL $a 001655069
100    $a 19810901afrey50      ba0
106    $a 211
152    $b SNC $c 2
159    $a rameau
250    $7 ba0yba0y $8 fre    $9     $a Colporteurs et colportage
330    $a Sous cette vedette, on trouve les documents sur les commerçants ambulants qui proposent des marchandises à domicile et sur ce type d'activité. Les documents sur les commerçants ambulants qui exercent sur les marchés et les voies publiques se trouvent sous Commerçants ambulants
450    $7 ba0yba0y $8 fre    $9     $a Colportage
450    $7 ba0yba0y $8 fre    $9     $a Commerce ambulant
450    $7 ba0yba0y $8 fre    $9     $a Marchands ambulants
450    $7 ba0yba0y $8 fre    $9     $a Vendeurs ambulants
550    $5 z $0 Voir aussi $3 11942044 $7 ba0yba0y $8 fre    $9     $a Commerçants ambulants
550    $5 z $0 Voir aussi $3 11973954 $7 ba0yba0y $8 fre    $9     $a Forains
550    $5 z $0 Voir aussi $3 11962564 $7 ba0yba0y $8 fre    $9     $a Vente à domicile
550    $5 h $3 14571057 $7 ba0yba0y $8 fre    $9     $a Johnnies
550    $5 h $3 15092619 $7 ba0yba0y $8 fre    $9     $a Knygnešiai
550    $5 h $3 13318834 $7 ba0yba0y $8 fre    $9     $a Librairie $x Colportage, souscription, etc.
550    $5 g $3 11971502 $7 ba0yba0y $8 fre    $9     $a Commerce
550    $5 g $3 13180598 $7 ba0yba0y $8 fre    $9     $a Travailleurs itinérants
550    $5 g $3 11981543 $7 ba0yba0y $8 fre    $9     $a Vente directe
550    $5 g $3 11971599 $7 ba0yba0y $8 fre    $9     $a Voyageurs de commerce
580  0 $5 z $0 Voir aussi $3 11968620 $7 ba0yba0y $8 fre    $9     $a Littérature de colportage
686    $a 305 $2 Note de regroupement par domaine
686    $a 330 $c Economie $2 Note de regroupement par domaine
801    $a FR $b FR-751131015 $c 20211001
810    $a Grand Larousse universel $a Grand Robert de la langue française, 2001
822 14 $a Peddlers $2 LCSH $u http://id.loc.gov/authorities/subjects/sh2009009538 $d 2021-10-01
822 14 $a Peddling $2 LCSH $u http://id.loc.gov/authorities/subjects/sh2009009537 $d 2021-10-01
822 14 $a Colportage $2 RVMLaval $d 2021-10-01
822 14 $a Colporteurs $2 RVMLaval $d 2021-10-01
999    $a FRBNF119419383 $b 11941938

