00784cx  a2200241   4500
001 31653
003 http://catalogue.bnf.fr/ark:/12148/cb119132459
005 20240507055028.0
010    $a 0000000081533407 $2 VIAF $d 20130724
033    $a http://catalogue.bnf.fr/ark:/12148/cb119132459
035    $a FRBNF119132458
039    $o OPL $a 00104528X
100    $a 19810601afrey50      ba0
101    $a fre
102    $a FR
105    $a a
106    $a 1  
200    $7 ba0yba0y $8 fre    $9  0  $a Loiseaux $b Gérard
300 0  $a Docteur en littérature française. - Attaché culturel adjoint à Los Angeles (en 1995)
801    $a FR $b FR-751131015 $c 19960222
810    $a La littérature de la défaite et de la collaboration / Gérard Loiseaux, 1995
999    $a FRBNF119132458 $b 11913245
152    $b NP

