00987cx  a2200301   4500
001 31804
003 http://catalogue.bnf.fr/ark:/12148/cb119279384
005 20240514061909.0
010    $a 0000000066421183 $2 VIAF $d 20130724
033    $a http://catalogue.bnf.fr/ark:/12148/cb119279384
035    $a FRBNF119279383
039    $o OPL $a 001450833
039    $o OPP $a 13814507 $d 20090515
039    $o OPP $a 14143488 $d 20090515
039    $o OPP $a 14060642 $d 20090515
100    $a 19760916afrey50      ba0
101    $a fre
102    $a FR
103    $a  19..               
105    $a a
106    $a 1  
120    $a b
200    $7 ba0yba0y $8 fre    $9  0  $a Verdier $b Raymond
300 0  $a Ethnologue. - Professeur à Paris X-Nanterre (en 1995)
801    $a FR $b FR-751131015 $c 20090515
810    $a Systèmes fonciers à la ville et au village : Afrique noire francophone / textes réunis et présentés par R. Verdier et A. Rochegude, 1986
999    $a FRBNF119279383 $b 11927938
152    $b NP

