00912cx  a2200277   4500
001 31953
003 http://catalogue.bnf.fr/ark:/12148/cb122898553
005 20240518053153.0
010    $a 0000000121289243 $2 VIAF $d 20130725
033    $a http://catalogue.bnf.fr/ark:/12148/cb122898553
035    $a FRBNF122898552
039    $o OPL $a 008683637
100    $a 19930127afrey50      ba0
101    $a fre
102    $a FR
103    $a  19670120           
105    $a a $a p
106    $a 010
200    $7 ba0yba0y $8 fre    $9  0  $a Tarquin $b Didier $f 1967-....
300    $a Dessinateur de bandes dessinées
400    $7 ba0yba0y $8 fre    $9     $a Tarquin $f 1967-....
801    $a FR $b FR-751131015 $c 20090303
810    $a Le prince creux / scénario, Béatrice Avossa ; dessins, Didier Tarquin, 1993
810    $a BD Paradisio (Internet, http://www.bdparadisio.com), 20010219
999    $a FRBNF122898552 $b 12289855
152    $b NP

