00779cx  a2200265   4500
001 32130
003 http://catalogue.bnf.fr/ark:/12148/cb119069850
005 20240508055630.0
010    $a 0000000073590655 $2 VIAF $d 20130724
033    $a http://catalogue.bnf.fr/ark:/12148/cb119069850
035    $a FRBNF119069851
039    $o OPL $a 000877348
039    $o OPP $a 14105238 $d 20220425
100    $a 19820507afrey50      ba0
101    $a fre $t spa
102    $a FR
103    $a  19..               
105    $a a
106    $a 1  
120    $a a
200    $7 ba0yba0y $8 fre    $9  0  $a Hasson $b Liliane
801    $a FR $b FR-751131015 $c 20220425
810    $a Voyage à La Havane / R. Arenas ; trad. de l'espagnol (Cuba) par L. Hasson, 1990
999    $a FRBNF119069851 $b 11906985
152    $b NP

