01190cx  a2200325   4500
001 32365
003 http://catalogue.bnf.fr/ark:/12148/cb12442472d
005 20240511075406.0
010    $a 0000000115703153 $2 VIAF $d 20130726
033    $a http://catalogue.bnf.fr/ark:/12148/cb12442472d
035    $a FRBNF124424720
039    $o OPL $a 010813372
039    $o OPP $a 14355195 $d 20221229
039    $o OPP $a 14355196 $d 20221229
100    $a 19950118afrey50      ba0
101    $a fre
102    $a FR
103    $a  19310518  20221225 
105    $a a
106    $a 1  
120    $a b
200    $7 ba0yba0y $8 fre    $9  0  $a Brocheux $b Pierre $f 1931-2022
300 0  $a Historien et enseignant. - Spécialiste de l'histoire de l'Asie du Sud-Est
301    $a Hô Chi Minh-Ville (Japon) $b Paris, 15e arrondissement (France)
801    $a FR $b FR-751131015 $c 20230215
810    $a Indochine la colonisation ambigüe 1858-1954 / Pierre Brocheux, Daniem Hémery, 1995
810    $a Le Monde, 2022-12-30 [avis de décès] $a Match ID - https://deces.matchid.io/id/F0Imdq4DqicS (2023-02-15)
856    $u https://deces.matchid.io/id/F0Imdq4DqicS $e 2023-02-15
999    $a FRBNF124424720 $b 12442472
152    $b NP

