01343cx  a2200313   4500
001 32525
003 http://catalogue.bnf.fr/ark:/12148/cb12050802c
005 20240519041907.0
010    $a 0000000121288339 $2 VIAF $d 20130724
033    $a http://catalogue.bnf.fr/ark:/12148/cb12050802c
035    $a FRBNF120508021
039    $o OPL $a 003538506
100    $a 19840420afrey50      ba0
101    $a fre $t eng
102    $a FR
103    $a  19581115           
105    $a a
106    $a 1  
120    $a b
200    $7 ba0yba0y $8 fre    $9  0  $a Loubet $b Pascal $f 1958-....
300 0  $a Rédacteur-adjoint technique (aux Editions Robert Laffont ?) (en 1990)
400    $7 ba0yba0y $8 fre    $9     $a Raciquot-Loubet $b Pascal $f 1958-....
400    $7 ba0yba0y $8 fre    $9     $a Loubet $b Pascal Raciquot- $f 1958-....
400    $7 ba0yba0y $8 fre    $9     $a Raciquot-Loubet $b Pascale $f 1958-....
400    $7 ba0yba0y $8 fre    $9     $a Loubet $b Pascale Raciquot- $f 1958-....
801    $a FR $b FR-751131015 $c 20100305
810    $a Capitaine Cook / J. Hooker ; trad. de l'anglais par Pascal Raciquot-Loubet, 1988 $a Itza / Michel Peissel ; [version française de Pascale Raciquot-Loubet et Véronique de Bure-Maton], 1989 $a Comment devenir riche / Donald Trump ; traduit de l'américain par Pascal Raciquot-Loubet, DL 2005
999    $a FRBNF120508021 $b 12050802
152    $b NP

