01052cx  a2200277   4500
001 32714
003 http://catalogue.bnf.fr/ark:/12148/cb14627131d
005 20240516043227.0
010    $a 0000000031041746 $2 VIAF $d 20130802
033    $a http://catalogue.bnf.fr/ark:/12148/cb14627131d
035    $a FRBNF146271316
100    $a 20050510afrey50      ba0
101    $a fre
102    $a FR
103    $a  19490629           
105    $a a
106    $a 1  
120    $a b
200    $7 ba0yba0y $8 fre    $9  0  $a Girard $b Patrick Ralph $f 1949-....
300 0  $a Écrit aussi en anglais
300 0  $a Agrégé de physique. - Titulaire d'un Ph. D. en histoire des sciences (University of Wisconsin-Madison, États-Unis, 1981). - En poste à l'Institut national des sciences appliquées de Lyon (en 2005)
400    $7 ba0yba0y $8 fre    $9     $a Girard $b Patrick $f 1949-....
801    $a FR $b FR-751131015 $c 20050601
810    $a Quaternions, algèbre de Clifford et physique relativiste / Patrick R. Girard, cop. 2004
999    $a FRBNF146271316 $b 14627131
152    $b NP

