00881cx  a2200253   4500
001 32906
003 http://catalogue.bnf.fr/ark:/12148/cb11974756t
005 20240511061418.0
033    $a http://catalogue.bnf.fr/ark:/12148/cb11974756t
035    $a FRBNF119747565
039    $o OPL $a 002104357
100    $a 19850620afrey50      ba0
106    $a 211
152    $b SNC $c 2
159    $a rameau
250    $7 ba0yba0y $8 fre    $9     $a Usure
450    $7 ba0yba0y $8 fre    $9     $a Prêt usuraire
450    $7 ba0yba0y $8 fre    $9     $a Prêts usuraires
550    $5 g $3 11974115 $7 ba0yba0y $8 fre    $9     $a Intérêt (économie politique)
550    $5 g $3 11970950 $7 ba0yba0y $8 fre    $9   2 $a Prêts
801    $a FR $b FR-751131015 $c 19940128
822 12 $a Usure $2 RVMLaval $d 1994-01-28
822 1  $a Usury $2 LCSH $u http://id.loc.gov/authorities/subjects/sh85141574 $d 2017-02-09
999    $a FRBNF119747565 $b 11974756

