01130cx  a2200349   4500
001 33070
003 http://catalogue.bnf.fr/ark:/12148/cb12143662c
005 20240507060501.0
010    $a 0000000115792854 $2 VIAF $d 20130725
033    $a http://catalogue.bnf.fr/ark:/12148/cb12143662c
035    $a FRBNF121436621
039    $o OPL $a 005008022
039    $o OPP $a 10556251 $d 20090929
039    $o OPP $a 11230439 $d 20090929
039    $o OPP $a 11230440 $d 20090929
100    $a 19900405afrey50      ba0
101    $a pol
102    $a PL
103    $a  18630202  19441106 
105    $a a
106    $a 010
120    $a a
152    $c 2 $b NP
200    $7 ba0yba0y $8 fre    $9  0  $a Rodziewiczówna $b Maria $f 1863-1944
300    $a Romancière
400    $7 ba0yba0y $8 fre    $9     $a Rodziewicz $b Maria $f 1863-1944
686    $a 800 $c Histoire et critique littéraires $2 Note de regroupement par domaine
801    $a FR $b FR-751131015 $c 20090929
810    $a Lato leśnych ludzi / Maria Rodziewiczówna, 1948
810    $a Encykl. powsz. PWN $a Lit. pol., 1985
810    $a BnF Service polonais, 2009-09-08
999    $a FRBNF121436621 $b 12143662

