01127cx  a2200289   4500
001 33253
003 http://catalogue.bnf.fr/ark:/12148/cb12012581b
005 20240514064743.0
010    $a 0000000081659026 $2 VIAF $d 20130724
033    $a http://catalogue.bnf.fr/ark:/12148/cb12012581b
035    $a FRBNF120125813
039    $o OPL $a 002549407
039    $o OPL $a 015591744
100    $a 19840420afrey50      ba0
101    $a fre
102    $a FR
103    $a  19460516  20050719 
105    $a a $a p
106    $a 1  
120    $a b
200    $7 ba0yba0y $8 fre    $9  0  $a Gaillard $b Jean-Michel $f 1946-2005
300 0  $a Agrégé et docteur en histoire. - Enseignant à l'Institut d'études politiques de Paris et conseiller littéraire aux éditions Plon-Perrin (en 1998). - Conseiller référendaire à la Cour des comptes (depuis 1993). - Directeur général d'Antenne 2 (1989-1991)
801    $a FR $b FR-751131015 $c 20050721
810    $a Zappons, enfants de la patrie ! / Jean-Michel Gaillard, 1990
810    $a WW, France 1997-1998 $a Libération, 2005-07-21 $a Monde, 1991-01-12
999    $a FRBNF120125813 $b 12012581
152    $b NP

