00834cx  a2200265   4500
001 33638
003 http://catalogue.bnf.fr/ark:/12148/cb119222489
005 20240516043218.0
010    $a 0000000073591316 $2 VIAF $d 20130724
033    $a http://catalogue.bnf.fr/ark:/12148/cb119222489
035    $a FRBNF119222489
039    $o OPL $a 001292041
039    $o OPP $a 16819624 $d 20161206
100    $a 19750903afrey50      ba0
101    $a eng
102    $a GB
103    $a  19440201           
105    $a a
106    $a 1  
152    $c 2 $b NP
200    $7 ba0yba0y $8 fre    $9  0  $a Robins $b Arthur $f 1944-....
300 0  $a Illustrateur
801    $a FR $b FR-751131015 $c 20161206
810    $a Rêves et cauchemars / texte de Peter Mayle ; ill. d'Arthur Robins ; trad. de l'américain par Josette Gontier, 1988
999    $a FRBNF119222489 $b 11922248

