01226cx  a2200301   4500
001 33838
003 http://catalogue.bnf.fr/ark:/12148/cb11896483m
005 20240508071048.0
010    $a 0000000108877059 $2 VIAF $d 20130724
033    $a http://catalogue.bnf.fr/ark:/12148/cb11896483m
035    $a FRBNF11896483X
039    $o OPL $a 000597734
100    $a 19800826afrey50      ba0
101    $a ara $a fre
102    $a MA
103    $a  1944               
105    $a a $a p
106    $a 1  
120    $a b
152    $c 2 $b NP
200    $7 ba0yba0y $8 frefre $9  0  $a Cheddadi $b Abdesselam $f 1944-....
300 0  $a Historien. - Spécialiste d'Ibn Khaldûn (1332-1406)
700    $7 ba0yba0a $8 freara $9 00  $a Šaddādī $b ʿAbd al-Salām al- $f 1944-....
700    $7 ba0yfa0y $8 freara $9 90  $a الشدّادي $b عبد السلام $f 1944-....
801    $a FR $b FR-751131015 $c 20070801
810    $a Peuples et nations du monde / Ibn Khaldûn ; éd. par Abdesselam Cheddadi, 1986 $a Les Arabes et l'appropriation de l'histoire / Abdesselam Cheddadi, 2004 $a Al-muqaddimaẗ / ʿAbd al-Raḥmân ibn H̱aldūn ; ḥaqqaqahā wa-qaddama lahā ʿAbd al-Salām al-Šaddādī, 2006
810    $a BnF Service arabe
999    $a FRBNF11896483X $b 11896483

