01629cx  a2200337   4500
001 34055
003 http://catalogue.bnf.fr/ark:/12148/cb119249790
005 20240513051543.0
010    $a 0000000118980543 $2 ISNI $d 20170818
033    $a http://catalogue.bnf.fr/ark:/12148/cb119249790
035    $a FRBNF119249792
039    $o OPL $a 001367394
100    $a 19741127afrey50      ba0
101    $a eng
102    $a US
103    $a  19080225  20010517 
105    $a a
106    $a 1  
120    $a b
152    $c 2 $b NP
200    $7 ba0yba0y $8 fre    $9  0  $a Slaughter $b Frank Gill $f 1908-2001
300 0  $a Romancier. - Médecin
400    $5 e $7 ba0yba0y $8 fre    $9     $a Haygood $b G. Arnold $f 1908-2001
400    $5 e $7 ba0yba0y $8 fre    $9     $a Terry $b C. V. $f 1908-2001
400    $7 ba0yba0y $8 fre    $9     $a Slaugter $b Frank Gill $f 1908-2001
801    $a FR $b FR-751131015 $c 20051028
810    $a Afin que nul ne meure / Frank G. Slaughter ; [trad. par Doringe], 1987 $a Le Visage du pardon : roman / Frank G. Slaughter ; [traduit de la nouvelle éd. américaine par Gilberte Marchegay], 1975 [la 1 éd. américaine a paru sous le pseud. : G. Arnold Haygood] $a Chirurgien au long cours / C. V. Terry ;  [traduction de F. de Bardy], 1955 $a Afin que nul ne meure / Frank-G. Slaugter [sic pour Slaughter], 1949
810    $a LC Authorities : Slaughter, Frank G. (Frank Gill), 1908- - http://authorities.loc.gov (2005-10-28) $a Libération, 2001-05-29
810    $a BN Cat. gén. suppl. $a BN Cat. gén. 1960-1969 : Slaughter (Frank Gill), pseud. C. V. Terry
856    $u http://authorities.loc.gov $e 2005-10-28
999    $a FRBNF119249792 $b 11924979

