01075cx  a2200265   4500
001 34262
003 http://catalogue.bnf.fr/ark:/12148/cb11971124t
005 20240511060203.0
033    $a http://catalogue.bnf.fr/ark:/12148/cb11971124t
035    $a FRBNF119711245
039    $o OPL $a 002053336
100    $a 19860311afrey50      ba0
106    $a 211
152    $b SNC $c 2
159    $a rameau
250    $7 ba0yba0y $8 fre    $9     $a Cartes $x Catalogage
450    $7 ba0yba0y $8 fre    $9   2 $a Catalogage $x Cartes
550    $5 z $0 Voir aussi $3 12524807 $7 ba0yba0y $8 fre    $9     $a Catalogage d'atlas
550    $5 g $3 11971070 $7 ba0yba0y $8 fre    $9     $a Non-livres $x Catalogage
580  0 $5 z $0 Voir aussi $3 11952385 $7 ba0yba0y $8 fre    $9     $a Cartes
686    $a 020 $c Sciences de l'information $2 Note de regroupement par domaine
686    $a 910 $c Géographie, tourisme (guides) et voyages $2 Note de regroupement par domaine
801    $a FR $b FR-751131015 $c 20030722
822 1  $a Cataloging of maps $2 LCSH $u http://id.loc.gov/authorities/subjects/sh85020861 $d 2017-02-09
999    $a FRBNF119711245 $b 11971124

