01203cx  a2200289   4500
001 34428
003 http://catalogue.bnf.fr/ark:/12148/cb139003704
005 20240517041017.0
010    $a 0000000078398208 $2 VIAF $d 20130731
033    $a http://catalogue.bnf.fr/ark:/12148/cb139003704
035    $a FRBNF139003702
100    $a 19890601afrey50      ba0
102    $a FR
103    $a  1944               
105    $a i $a a $a p
106    $a 010
120    $a b
200    $7 ba0yba0y $8 fre    $9  0  $a Tétu $b Bernard $f 1944-....
300    $a Chef de choeur et chef d'orchestre
510    $5 xxxz $0 Dirige :  $3 15842234 $7 ba0yba0y $8 fre    $9 20  $a Solistes de Lyon-Bernard Tétu
510    $5 xxxz $0 Dirige :  $3 13905443 $a Orchestre national de Lyon $b Choeur
510    $5 xxxz $0 Dirige :  $3 13905428 $a Orchestre national de Lyon $b Choeur de chambre
510    $5 xxxz $0 Dirige :  $3 13958865 $a Orchestre national de Lyon $b Choeur $b Ensemble des Solistes
801    $a FR $b FR-751131015 $c 20150424
810    $a Lyon Montréal [Enregistrement sonore] / Gabriel Fauré, Bernard Fort... [et al.], comp. ; [...] Solistes de Lyon, ens. voc. ; Bernard Tétu, chef de choeur. GMVL CD 20
999    $a FRBNF139003702 $b 13900370
152    $b NP

