01536cx  a2200385   4500
001 34586
003 http://catalogue.bnf.fr/ark:/12148/cb12177096m
005 20240507062349.0
010    $a 0000000119396891 $2 VIAF $d 20130725
033    $a http://catalogue.bnf.fr/ark:/12148/cb12177096m
035    $a FRBNF121770966
039    $o OPL $a 005877042
039    $o OPP $a 11742175 $d 20150423
039    $o OPP $a 11726732 $d 20150423
100    $a 19901213afrey50      ba0
101    $a mul
102    $a ZZ
103    $a  1896               
105    $a a
106    $a 1  
150    $a y $b l2  
152    $c 2 $b CO
210    $7 ba0yba0y $8 frefre $9 20  $a Union internationale des éditeurs
300 0  $a Fondée en 1896 à Paris sous le nom de "Congrès international des éditeurs" = "International publishers congress"
303    $a 23 avenue de France, 1202 Genève
330    $a Ne pas confondre la forme "Congrès international des éditeurs", où le mot "congrès" a le sens d'"association" avec les propres congrès de l'Union pris à "Union internationale des éditeurs. Congrès"
410    $7 ba0yba0y $8 fre    $9     $a IPA
410    $7 ba0yba0y $8 fre    $9     $a UIE
410    $7 ba0yba0y $8 fre    $9     $a Congrès international des éditeurs
710    $7 ba0yba0y $8 freeng $9 20  $a International publishers association
710    $7 ba0yba0y $8 frespa $9 20  $a Unión internacional de editores
801    $a FR $b FR-751131015 $c 20150423
810    $a YIO 1999-2000
856    $u http://www.sne.fr $e 2015-04-23
999    $a FRBNF121770966 $b 12177096

