00802cx  a2200265   4500
001 34748
003 http://catalogue.bnf.fr/ark:/12148/cb146454764
005 20240517072022.0
010    $a 0000000115632308 $2 VIAF $d 20130802
033    $a http://catalogue.bnf.fr/ark:/12148/cb146454764
035    $a FRBNF146454762
100    $a 20050719afrey50      ba0
101    $a mul
102    $a ZZ $a PL $a FR
103    $a  19790408           
105    $a a $a p
106    $a 1  
120    $a a
200    $7 ba0yba0y $8 fre    $9  0  $a Sowa $b Marzena $f 1979-....
300 0  $a Scénariste de bandes dessinées
801    $a FR $b FR-751131015 $c 20190110
810    $a Marzi / dessins, Sylvain Savoia ; textes, Marzena Sowa, 2005-
810    $a BnF Service polonais, 2019-01-10
999    $a FRBNF146454762 $b 14645476
152    $b NP

