01260cx  a2200289   4500
001 34875
003 http://catalogue.bnf.fr/ark:/12148/cb139273211
005 20240516073154.0
010    $a 000000038295693X $2 ISNI $d 20161107
033    $a http://catalogue.bnf.fr/ark:/12148/cb139273211
035    $a FRBNF139273217
039    $o OPP $a 13822016 $d 20100427
039    $o OPP $a 14756123 $d 20100804
100    $a 19900620afrey50      ba0
102    $a FR
103    $a  19440325           
105    $a i
106    $a 010
120    $a a
200    $7 ba0yba0y $8 fre    $9  0  $a Cordier $b Noëlle $f 1944-....
300    $a Chanteuse
801    $a FR $b FR-751131015 $c 20201102
810    $a Noëlle Cordier chante Donovan / Noëlle Cordier, chant [acc. instr.]. - France : Les industries musicales et électriques Pathé Marconi, [DL 1970]. - [Musique exécutée : audio]
810    $a Wikipédia [née 25 mars] - https://fr.wikipedia.org/wiki/No%C3%ABlle_Cordier (2020-06-09) $a Discogs [née 7 avril] - https://www.discogs.com/fr/artist/656600-No%C3%ABlle-Cordier (2020-11-02)
856    $u https://fr.wikipedia.org/wiki/No%C3%ABlle_Cordier $e 2020-06-09 $u https://www.discogs.com/fr/artist/656600-No%C3%ABlle-Cordier $e 2020-11-02
999    $a FRBNF139273217 $b 13927321
152    $b NP

