01178cx  a2200289   4500
001 35010
003 http://catalogue.bnf.fr/ark:/12148/cb11925912z
005 20240507063105.0
010    $a 0000000040837076 $2 VIAF $d 20130724
033    $a http://catalogue.bnf.fr/ark:/12148/cb11925912z
035    $a FRBNF119259128
039    $o OPL $a 001393752
100    $a 19810410afrey50      ba0
101    $a mul
102    $a FR
103    $a  19380724           
105    $a a
106    $a 1  
120    $a b
200    $7 ba0yba0y $8 fre    $9  0  $a Taffarelli $b Jean-Louis $f 1938-....
300 0  $a Bibliothécaire. - Conservateur à l'Institut Catholique, Paris (en 1994)
300 0  $a Écrit en français. - Traduit de l'anglais en français
801    $a FR $b FR-751131015 $c 20070123
810    $a Non-livre et documentation : actes / des 3° Journées d'études de l'Association internationale des écoles des sciences de l'information, Liège, 22-24 avril 1982 ; textes édités par Jean-Louis Taffarelli, 1983 $a La tapisserie au point / Véronique Lelong de Luna, Jean-Louis Taffarelli, 2002
810    $a Annu. 1994 des bibliothécaires
999    $a FRBNF119259128 $b 11925912
152    $b NP

