01081cx  a2200325   4500
001 35179
003 http://catalogue.bnf.fr/ark:/12148/cb14009081q
005 20240507063154.0
010    $a 0000000084066787 $2 VIAF $d 20130801
033    $a http://catalogue.bnf.fr/ark:/12148/cb14009081q
035    $a FRBNF140090818
039    $o OPL $a 008962779
039    $o OPP $a 14884801 $d 20071029
039    $o OPP $a 16811345 $d 20160222
100    $a 19980219afrey50      ba0
101    $a fre
102    $a FR
103    $a  19041206  20071022 
105    $a a $a p
106    $a 010
120    $a a
200    $7 ba0yba0y $8 fre    $9  0  $a Curie $b Ève $f 1904-2007
300    $a Journaliste et écrivain, diplomate et pianiste. - Fille de Pierre et Marie Curie. - État-civil : Curie, Ève Denise, épouse Labouisse
301    $a Paris
500    $5 z $3 11978989 $7 ba0yba0y $8 fre    $9  0  $a Curie $c famille
801    $a FR $b FR-751131015 $c 20160222
810    $a Madame Curie / Ève Curie, 1986
810    $a WW, France 2003-2004 $a IBN $a Monde, 2007-10-28/29
999    $a FRBNF140090818 $b 14009081
152    $b NP

