01654cx  a2200325   4500
001 35349
003 http://catalogue.bnf.fr/ark:/12148/cb11978858r
005 20240509052324.0
033    $a http://catalogue.bnf.fr/ark:/12148/cb11978858r
035    $a FRBNF119788583
039    $o OPL $a 002163430
100    $a 19850707afrey50      ba0
106    $a 211
152    $b SNC $c 2
159    $a rameau
250    $7 ba0yba0y $8 fre    $9     $a Instrumentation et orchestration
450    $7 ba0yba0y $8 fre    $9     $a Instrumentation (musique)
450    $7 ba0yba0y $8 fre    $9     $a Orchestration
550    $5 z $0 Voir aussi $3 11936782 $7 ba0yba0y $8 fre    $9     $a Instruments de musique
550    $5 z $0 Voir aussi $3 12273177 $7 ba0yba0y $8 fre    $9     $a Orgue $x Registration
550    $5 g $3 13162802 $7 ba0yba0y $8 fre    $9     $a Composition (musique)
580  0 $5 z $0 Voir aussi $3 12331089 $7 ba0yba0y $8 fre    $9     $a Arrangements $x musique
580  0 $5 z $0 Voir aussi $3 11957378 $7 ba0yba0y $8 fre    $9     $a Musique instrumentale
686    $a 780 $c Musique $2 Note de regroupement par domaine
801    $a FR $b FR-751131015 $c 20121102
810    $a Grand Larousse universel : instrumentation ; orchestration
810    $a Dict. des mots de la musique / J. Siron, 2006 : instrumentation ; orchestration $a Dict. de la musique / M. Vignal, 2005 : instrumentation ; orchestration $a Hist. de l'instrumentation et de l'orchestration : du baroque à l'électronique / C. Goubault, 2009
822 12 $a Instrumentation et orchestration $2 RVMLaval $d 2012-11-02
822 1  $a Instrumentation and orchestration $2 LCSH $u http://id.loc.gov/authorities/subjects/sh85066782 $d 2017-02-09
999    $a FRBNF119788583 $b 11978858

