02422cx  a2200481   4500
001 35522
003 http://catalogue.bnf.fr/ark:/12148/cb119323463
005 20240511025756.0
033    $a http://catalogue.bnf.fr/ark:/12148/cb119323463
035    $a FRBNF119323463
039    $o OPL $a 001532248
100    $a 19810211afrey50      ba0
106    $a 211
152    $b SNC $c 2
159    $a rameau
250    $7 ba0yba0y $8 fre    $9     $a Menuiserie
450    $7 ba0yba0y $8 fre    $9     $a Menuiserie en bois
450    $7 ba0yba0y $8 fre    $9     $a Menuiseries extérieures
450    $7 ba0yba0y $8 fre    $9     $a Menuiseries intérieures
550    $5 z $0 Voir aussi $3 11977434 $7 ba0yba0y $8 fre    $9     $a Charpenterie
550    $5 z $0 Voir aussi $3 11944408 $7 ba0yba0y $8 fre    $9     $a Construction en bois
550    $5 z $0 Voir aussi $3 11931335 $7 ba0yba0y $8 fre    $9     $a Ébénisterie
550    $5 z $0 Voir aussi $3 17126942 $7 ba0yba0y $8 fre    $9     $a Matières plastiques en menuiserie
550    $5 z $0 Voir aussi $3 11983363 $7 ba0yba0y $8 fre    $9     $a Menuisiers
550    $5 z $0 Voir aussi $3 11962026 $7 ba0yba0y $8 fre    $9     $a Meubles $x Fabrication
550    $5 z $0 Voir aussi $3 11951022 $7 ba0yba0y $8 fre    $9     $a Panneaux de fibres
550    $5 z $0 Voir aussi $3 11931670 $7 ba0yba0y $8 fre    $9     $a Travail du bois
550    $5 h $3 12002156 $7 ba0yba0y $8 fre    $9     $a Assemblages (construction)
550    $5 h $3 13188314 $7 ba0yba0y $8 fre    $9     $a Châssis (construction)
550    $5 h $3 11976387 $7 ba0yba0y $8 fre    $9     $a Menuiserie métallique
550    $5 h $3 12549186 $7 ba0yba0y $8 fre    $9     $a Moulures
550    $5 h $3 11973081 $7 ba0yba0y $8 fre    $9     $a Panneautage (menuiserie)
550    $5 g $3 12170684 $7 ba0yba0y $8 fre    $9     $a Second oeuvre (construction)
686    $a 600 $c Sciences appliquées $2 Note de regroupement par domaine
686    $a 690 $c Bâtiment $2 Note de regroupement par domaine
801    $a FR $b FR-751131015 $c 20170517
810    $a Grand Robert de la langue française, 2001
810    $a Dicobat 10 : dict. général du bâtiment / J. de Vigan, 2011
822 12 $a Finish carpentry $2 LCSH $u http://id.loc.gov/authorities/subjects/sh89004456 $d 2017-02-09
822 12 $a Joinery $2 LCSH $u http://id.loc.gov/authorities/subjects/sh85070644 $d 2017-02-09
822 12 $a Millwork (Woodwork) $2 LCSH $u http://id.loc.gov/authorities/subjects/sh85085430 $d 2017-02-09
822 12 $a Menuiserie $2 RVMLaval $d 2017-05-17
999    $a FRBNF119323463 $b 11932346

