01045cx  a2200301   4500
001 35674
003 http://catalogue.bnf.fr/ark:/12148/cb11914104p
005 20240506062454.0
010    $a 0000000055096557 $2 VIAF $d 20130724
033    $a http://catalogue.bnf.fr/ark:/12148/cb11914104p
035    $a FRBNF119141044
039    $o OPL $a 001070172
100    $a 19890112afrey50      ba0
101    $a fre
102    $a FR
103    $a  19310330  20170220 
105    $a a
106    $a 1  
120    $a b
200    $7 ba0yba0y $8 fre    $9  0  $a Silva $b Guy $f 1931-2017
300 0  $a Journaliste à "L'Humanité" depuis 1956. - Écrivain et membre de la SGDL
301    $a Paris $b Montreuil (Seine-Saint-Denis)
801    $a FR $b FR-751131015 $c 20201015
810    $a "Quoi que" dit Raymond Devos / G. Silva, 1988
810    $a Le Monde, 2017-02-24 (faire-part de décès) $a INSEE, Fichier des décès - https://deces.matchid.io/search (2020-10-15)
856    $u https://deces.matchid.io/search $e 2020-10-15
999    $a FRBNF119141044 $b 11914104
152    $b NP

