01225cx  a2200301   4500
001 35832
003 http://catalogue.bnf.fr/ark:/12148/cb14026289q
005 20240509023459.0
010    $a 0000000116112793 $2 VIAF $d 20130801
033    $a http://catalogue.bnf.fr/ark:/12148/cb14026289q
035    $a FRBNF140262890
100    $a 19991012afrey50      ba0
102    $a NL
103    $a  1972               
105    $a i
106    $a 1  
120    $a a
152    $c 2 $b NP
200    $7 ba0yba0y $8 fre    $9  0  $a Zomer $b Johannette $f 1972-....
300 0  $a Artiste lyrique (soprano)
510    $5 xxxk $0 Membre de :  $3 15071014 $7 ba0yba0y $8 fre    $9 20  $a La Primavera $c Ensemble vocal et instrumental $c Ensemble vocal et instrumental
510    $5 xxxk $0 Membre de :  $3 14633213 $7 ba0yba0y $8 fre    $9 20  $a Cappella figuralis
510    $5 xxxk $0 Membre de :  $3 14473426 $7 ba0yba0y $8 fre    $9 20  $a Antequera
801    $a FR $b FR-751131015 $c 20110811
810    $a Messe en si [Enregistrement sonore] / J. S. Bach, comp ; Johannette Zomer, Véronique Gens, S... [et al.]. Harmonia mundi HMX 295161415
810    $a Deutsche national Bibliothek - d-nb.info/gnd (2011-08-10)
856    $u d-nb.info/gnd $e 2011-08-10
999    $a FRBNF140262890 $b 14026289

