00796cx  a2200265   4500
001 35990
003 http://catalogue.bnf.fr/ark:/12148/cb15669091f
005 20240517024817.0
010    $a 0000000002165256 $2 VIAF $d 20130806
033    $a http://catalogue.bnf.fr/ark:/12148/cb15669091f
035    $a FRBNF156690914
039    $o OPP $a 16820751 $d 20191024
100    $a 20080530afrey50      ba0
101    $a fre
102    $a FR
103    $a  19..               
105    $a a
106    $a 1  
120    $a a
200    $7 ba0yba0y $8 fre    $9  0  $a Sourdais $b Clémentine
300 0  $a Auteur d'ouvrages pour la jeunesse
801    $a FR $b FR-751131015 $c 20191024
810    $a Mariétou Kissaitou / Marie-Félicité Ebokea, Clémentine Sourdais, DL 2008
999    $a FRBNF156690914 $b 15669091
152    $b NP

