00936cx  a2200277   4500
001 36155
003 http://catalogue.bnf.fr/ark:/12148/cb11909585m
005 20240515022932.0
010    $a 0000000108861807 $2 VIAF $d 20130724
033    $a http://catalogue.bnf.fr/ark:/12148/cb11909585m
035    $a FRBNF119095853
039    $o OPL $a 00094661X
100    $a 19780708afrey50      ba0
101    $a fre
102    $a FR
103    $a  19140728  19980421 
105    $a a
106    $a 1  
200    $7 ba0yba0y $8 fre    $9  0  $a Kenec'hdu $b Tanguy $f 1914-1998
300 0  $a Traduit de l'anglais en français
300 0  $a Traducteur, essayiste. - Sous-préfet à la retraite (en 1991)
801    $a FR $b FR-751131015 $c 20041007
810    $a Avatars du français / Tanguy Kenec'hdu, 1984
810    $a WW, France 1990-1991 $a Dict. de Bretagne / Michel Renouard, Joëlle Méar, Nathalie Merrien, 1992
999    $a FRBNF119095853 $b 11909585
152    $b NP

