01246cx  a2200313   4500
001 36298
003 http://catalogue.bnf.fr/ark:/12148/cb12324129b
005 20240515041609.0
010    $a 0000000035341156 $2 VIAF $d 20130726
033    $a http://catalogue.bnf.fr/ark:/12148/cb12324129b
035    $a FRBNF123241292
039    $o OPL $a 009116675
100    $a 19930729afrey50      ba0
101    $a fre $t ara
102    $a FR
103    $a  19520921           
105    $a a
106    $a 1  
120    $a b
200    $7 ba0yba0y $8 frefre $9  0  $a Elias $b Jean $f 1952-....
300 0  $a Journaliste. - Expert formateur. - Homme de lettres
400    $7 ba0yba0y $8 fre    $9     $a Elias $b Elias Hanna $f 1952-....
400    $7 ba0yba0y $8 fre    $9     $a Hanna Elias $b Elias $f 1952-....
801    $a FR $b FR-751131015 $c 20130717
810    $a La presse arabe / par Elias Hanna Elias, 1993 $a Les rêves s'affolent / poèmes de Jean Elias ; illustrations d'Anastassia Elias, DL 2013
810    $a Site de Jean Elias - http://www.cyberjournalisme.net/component/content/article/2-divers/6-jean-elias (2013-07-17)
856    $u http://www.cyberjournalisme.net/component/content/article/2-divers/6-jean-elias $e 2013-07-17
999    $a FRBNF123241292 $b 12324129
152    $b NP

