02040cx  a2200421   4500
001 36443
003 http://catalogue.bnf.fr/ark:/12148/cb12398288j
005 20240515075035.0
010    $a 0000000121429509 $2 VIAF $d 20130726
033    $a http://catalogue.bnf.fr/ark:/12148/cb12398288j
035    $a FRBNF123982882
039    $o OPL $a 001596286 $z AMA
039    $o OPL $a 010278507 $z APP
039    $o OPP $a 11689960 $d 20070724
039    $o OPP $a 11296225 $d 20070724
039    $o OPP $a 10706225 $d 20070724
100    $a 19940609afrey50      ba0
101    $a fro
102    $a FR
103    $a  1268      13141129 
105    $a a
106    $a 010
120    $a b
200    $7 ba0yba0y $8 frefre $9  0  $a Philippe $d IV $f 1268-1314 $c roi de France
300    $a Roi de France (de 1285 à 1314). - Roi de Navarre par son mariage avec Jeanne I de Navarre (reine de France ; 1272?-1305)
301    $a Fontainebleau (Seine-et-Marne) $b Fontainebleau (Seine-et-Marne)
400    $7 ba0yba0y $8 frefre $9     $a Philippe $d I $f 1268-1314 $c roi de Navarre
400    $7 ba0yba0y $8 frefre $9     $a Philippe le Bel $f 1268-1314 $c roi de France
400    $7 ba0yba0y $8 frespa $9     $a Felipe $d I $f 1268-1314 $c roi de Navarre
400    $7 ba0yba0y $8 frespa $9     $a Felipe el Hermoso $f 1268-1314 $c roi de Navarre
515    $5 z $3 12326229 $7 ba0yba0y $8 fre    $9     $a Navarre (Royaume) $z 1284-1328 (Maison de France)
686    $a 944 $c Histoire de la France (depuis 486) $2 Note de regroupement par domaine
801    $a FR $b FR-751131015 $c 20100823
810    $a Lettres de Philippe-le-Bel relatives au pays de Gévaudan / publ. avec une introd. et des notes par Jean Roucaute, Marc Saché, 1897
810    $a GDEL et Mourre, 1986 : Philippe IV le Bel $a Larousse 19e s. $a Dic. de historia de España / dir. por Germán Bleiberg, 1981 : Felipe I el Hermoso, rey de Navarra y [IV] de Francia
810    $a BN Cat. gén. actes royaux $a BN Cat. gén. : Philippe IV, le Bel $a BN Cat. gén. suppl. : Philippe le Bel et Philippe IV, roi de France
999    $a FRBNF123982882 $b 12398288
152    $b NP

