01705cx  a2200385   4500
001 36629
003 http://catalogue.bnf.fr/ark:/12148/cb119929658
005 20240514023954.0
010    $a 0000000108585304 $2 ISNI $d 20170818
033    $a http://catalogue.bnf.fr/ark:/12148/cb119929658
035    $a FRBNF119929653
039    $o OPL $a 001590041 $z AMA
039    $o OPL $a 002318222 $z APP
100    $a 19860221afrey50      ba0
101    $a ger
102    $a AT
103    $a  18371224  18980910 
105    $a a
106    $a 010
120    $a a
152    $c 2 $b NP
200    $7 ba0yba0y $8 fre    $9  0  $a Elisabeth $f 1837-1898 $c impératrice d'Autriche
400    $7 ba0yba0y $8 fre    $9     $a Élisabeth de Wittelsbach $f 1837-1898 $c impératrice d'Autriche
400    $7 ba0yba0y $8 fre    $9     $a Elisabeth von Österreich $f 1837-1898
400    $7 ba0yba0y $8 fre    $9     $a Wittelsbach $b Élisabeth de $f 1837-1898 $c impératrice d'Autriche
400    $5 e $7 ba0yba0y $8 fre    $9     $a Sissi $f 1837-1898 $c impératrice d'Autriche
400    $7 ba0yba0y $8 fre    $9     $a Élisabeth d'Autriche $f 1837-1898
510    $3 16732879 $7 ba0yba0y $8 fre    $9 20  $a Erzsébet királyné múzeum $c Budapest
520    $5 xxxk $0 Membre de :  $3 11946411 $7 ba0yba0y $8 fre    $9  0  $a Wittelsbach $c dynastie
686    $a 940 $c Histoire médiévale, moderne et contemporaine (sauf la France) $2 Note de regroupement par domaine
801    $a FR $b FR-751131015 $c 20110420
810    $a Das Poetische Tagebuch / Kaiserin Elisabeth ; hrsg. von B. Hamann, 1984
810    $a Brockhaus, 17 Aufl. $a GDEL, Mourre : Élisabeth de Wittelsbach (impératrice d'Autriche)
815    $a BN Cat. gén. ; BN Cat. gén. 1960-1969 et 1970-1979
999    $a FRBNF119929653 $b 11992965

