01782cx  a2200397   4500
001 36932
003 http://catalogue.bnf.fr/ark:/12148/cb11914192s
005 20240515062936.0
010    $a 0000000110326619 $2 VIAF $d 20130724
033    $a http://catalogue.bnf.fr/ark:/12148/cb11914192s
035    $a FRBNF119141927
039    $o OPL $a 002005448 $z AMA
039    $o OPL $a 001072465 $z APP
039    $o OPP $a 13897777 $d 20150116
039    $o OPP $a 11504912 $d 20150116
039    $o OPP $a 16794720 $d 20150116
100    $a 19771011afrey50      ba0
101    $a fre $a ber $t ber
102    $a DZ
103    $a  19171228  19890226 
105    $a a $a i $a p
106    $a 010
120    $a b
152    $c 2 $b NP
200    $7 ba0yba0y $8 frefre $9  1  $a Mammeri $b Mouloud $f 1917-1989
300    $a Romancier, anthropologue, dramaturge. - Professeur à l'Université d'Alger et directeur du Centre de recherches anthropologiques, préhistoriques et ethnographiques (jusqu'en 1980), spécialiste de la littérature orale berbère
301    $a Beni Yenni (Algérie) $b Aïn Defla (Algérie)
400    $7 ba0yba0y $8 fre    $9     $a Ma´mari $b Mawlūd $f 1917-1989
400    $7 ba0yba0a $8 freber $9     $a At Ma´mmer $b Elmulud $f 1917-1989
686    $a 300 $c Sciences sociales $2 Note de regroupement par domaine
700    $7 ba0yba0a $8 freara $9  0  $a Mu´ammarī $b Mawlūd $f 1917-1989
801    $a FR $b FR-751131015 $c 20201107
810    $a Les Isefra / poèmes de Si Mohand-ou-Mhand ; [publ. par] M. Mammeri, 1987 ; Poèmes kabyles anciens / [recueillis par] Mouloud Mammeri, 1988
810    $a Dict. des auteurs maghrébins de langue française / J. Déjeux, 1984, p. 157-159 $a Monde, 1989-02-28
810    $a BN Service arabe $a BN Cat. gén. 1970-1979, arabe : Mu´ammarī (Mawlūd)
999    $a FRBNF119141927 $b 11914192

