02305cx  a2200481   4500
001 37109
003 http://catalogue.bnf.fr/ark:/12148/cb12516687h
005 20240507071100.0
010    $a 0000000121025694 $2 VIAF $d 20130729
033    $a http://catalogue.bnf.fr/ark:/12148/cb12516687h
035    $a FRBNF125166874
039    $o OPL $a 001634662 $z AMA
039    $o OPL $a 012585871 $z APP
039    $o OPP $a 14764414 $d 20110629
039    $o OPP $a 14684765 $d 20110629
039    $o OPP $a 14684820 $d 20110629
039    $o OPP $a 14902219 $d 20111209
039    $o OPP $a 15469448 $d 20111209
039    $o OPP $a 14684945 $d 20111209
039    $o OPP $a 15469446 $d 20111209
100    $a 19960417afrey50      ba0
101    $a fro
102    $a FR
103    $a  1224    ? 13170711 
105    $a a
106    $a 010
120    $a b
200    $7 ba0yba0y $8 fre    $9  0  $a Joinville $b Jean de $f 1224?-1317
300    $a Chroniqueur. - Seigneur de Joinville. - Sénéchal de Champagne. - Prit la croix en 1245 et rejoignit Saint Louis à Chypre, en juillet 1248
301    $a Joinville $b Joinville
400    $7 ba0yba0y $8 fre    $9     $a Jean de Joinville $f 1224?-1317
400    $7 ba0yba0y $8 fre    $9     $a Jehan de Joinville $f 1224?-1317
400    $7 ba0yba0y $8 fre    $9     $a Joinville $b Jehan de $f 1224?-1317
400    $7 ba0yba0y $8 fre    $9     $a Jonvilla $b Jean de $f 1224?-1317
400    $7 ba0yba0y $8 fre    $9     $a Jonville $b Jean de $f 1224-?-1317
400    $7 ba0yba0y $8 fre    $9     $a Joinville $b John of $f 1224?-1317
686    $a 944 $c Histoire de la France (depuis 486) $2 Note de regroupement par domaine
801    $a FR $b FR-751131015 $c 20120202
810    $a BnF, Paris, Département des manuscrits, Français 13568 $a Mémoires du sire de Joinville ou Histoire de S. Louis IX / [écrite par Jean, sire de Joinville], 1785 $a La vie de saint Louis / le témoignage de Jehan, seigneur de Joinville ; texte du XIVe siècle éd. par Noel L. Corbett, 1977 $a Vie de Saint Louis / Joinville ; [texte établi, trad., présenté et annoté par Jacques Monfrin], 1995
810    $a DBF $a GDEL : Joinville (Jean, sire de) $a Beaumarchais : Joinville Jean, sire de $a Grente, Moyen âge, 1992 : Jean de Joinville [1225 / 24-12-1317]
810    $a BN Cat. gén. : Joinville (Jean, sire de)
999    $a FRBNF125166874 $b 12516687
152    $b NP

