00996cx  a2200265   4500
001 37321
003 http://catalogue.bnf.fr/ark:/12148/cb121504520
005 20240517055703.0
010    $a 0000000046513398 $2 VIAF $d 20130725
033    $a http://catalogue.bnf.fr/ark:/12148/cb121504520
035    $a FRBNF121504524
039    $o OPL $a 005113436
100    $a 19900613afrey50      ba0
101    $a fre $t chi
102    $a FR
103    $a  19..               
105    $a a
106    $a 1  
120    $a a
200    $7 ba0yba0y $8 fre    $9  0  $a Rabut $b Isabelle
300 0  $a Traductrice et spécialiste de la littérature chinoise moderne. - Professeur à l'Inalco (en 2010)
801    $a FR $b FR-751131015 $c 20110301
810    $a Le petit soldat du Hunan : autobiographie / Shen Congwen ; trad. du chinois et annoté par Isabelle Rabut, 1992 $a Visions du barbare en Chine, en Corée et au Japon / textes rassemblés et édités par Isabelle Rabut, 2010
999    $a FRBNF121504524 $b 12150452
152    $b NP

