00925cx  a2200265   4500
001 37511
003 http://catalogue.bnf.fr/ark:/12148/cb11891702d
005 20240514020027.0
010    $a 0000000073592941 $2 VIAF $d 20130724
033    $a http://catalogue.bnf.fr/ark:/12148/cb11891702d
035    $a FRBNF118917025
039    $o OPL $a 000474607
100    $a 19810203afrey50      ba0
101    $a fre
102    $a FR
103    $a  19510428           
105    $a a
106    $a 1  
120    $a b
200    $7 ba0yba0y $8 fre    $9  0  $a Bertin $b François $f 1951-....
300 0  $a Auteur d'ouvrages sur le patrimoine et l'histoire. - Publicitaire
801    $a FR $b FR-751131015 $c 20121031
810    $a American soldiers in 1944 / F. Bertin, 1988 $a Email et pub / Pascal Courault, François Bertin, 1993 $a Invitation à l'Élysée / Jean-Maurice Sacré et François Bertin, DL 2011
999    $a FRBNF118917025 $b 11891702
152    $b NP

