02256cx  a2200529   4500
001 37665
003 http://catalogue.bnf.fr/ark:/12148/cb12202614m
005 20230907060035.0
010    $a 0000000061242493 $2 VIAF $d 20131024
033    $a http://catalogue.bnf.fr/ark:/12148/cb12202614m
035    $a FRBNF122026148
039    $o OPL $a 012255521 $z AMA
039    $o OPL $a 00708074X $z APP
039    $o OPP $a 13233529 $d 20070222
039    $o OPP $a 11646410 $d 20070222
039    $o OPP $a 11770076 $d 20070222
039    $o OPP $a 14751418 $d 20070222
039    $o OPP $a 11773228 $d 20070222
039    $o OPP $a 10058418 $d 20070222
039    $o OPP $a 10058419 $d 20070222
039    $o OPP $a 10638841 $d 20070222
039    $o OPP $a 11291500 $d 20070222
039    $o OPP $a 11630979 $d 20070222
039    $o OPP $a 14777687 $d 20070222
100    $a 19910530afrey50      ba0
101    $a fre $t eng
102    $a FR
103    $a  17961001  18811106 
105    $a a
106    $a 010
120    $a a
200    $7 ba0yba0y $8 fre    $9  0  $a Belloc $b Louise Swanton $f 1796-1881
300    $a Femme de lettres ; traductrice ; auteur de livres pour enfants. - Épouse du peintre Jean Hilaire Belloc (1786-1866) et grand-mère de l'écrivain anglais (naturalisé en 1902) Hilaire Belloc (1870-1953)
301    $a La Rochelle $b La-Celle-Saint-Cloud (Yvelines)
400    $5 j $7 ba0yba0y $8 fre    $9     $a Belloc $b Madame Louise Swanton $f 1796-1881
400    $7 ba0yba0y $8 fre    $9     $a Swanton $b Louise $f 1796-1881
400    $7 ba0yba0y $8 fre    $9     $a Swanton-Belloc $b Louise $f 1796-1881
400    $7 ba0yba0y $8 fre    $9     $a Swanton-Belloc $b Luisa $f 1796-1881
400    $7 ba0yba0y $8 fre    $9     $a Sw.-Belloc $b Luisa $f 1796-1881
686    $a 800 $c Histoire et critique littéraires $2 Note de regroupement par domaine
801    $a FR $b FR-751131015 $c 20190528
810    $a Hélène / par Maria Edgeworth ; trad. de l'anglais par Louise Sw.-Belloc, 1834 $a Pierre et Pierrette / par Louise Swanton Belloc, 1886
810    $a Devoirs d'écritures / Bénédicte Monicat, cop. 2006
810    $a DBF : Belloc (Louise Swanton, Mme) $a Louise Swanton-Belloc / Camille Lépouchard, 1994
810    $a BN Cat. gén. : Belloc (Mme Louise Swanton)
999    $a FRBNF122026148 $b 12202614
152    $b NP

