01468cx  a2200337   4500
001 37811
003 http://catalogue.bnf.fr/ark:/12148/cb14544837x
005 20240513025228.0
010    $a 0000000008830181 $2 ISNI $d 20150312
033    $a http://catalogue.bnf.fr/ark:/12148/cb14544837x
035    $a FRBNF145448379
039    $o OPL $a 002709527
039    $o OPP $a 12017598 $d 20110201
100    $a 20040517afrey50      ba0
101    $a fre
102    $a FR
103    $a  19..      ....     
105    $a a
106    $a 1  
120    $a a
200    $7 ba0yba0y $8 fre    $9  0  $a Perrin-Van Hille $b Chantal
300 0  $a Formatrice conseil en communication interpersonnelle auprès d'entreprises et d'administrations (en 2004)
400    $7 ba0yba0y $8 fre    $9     $a Van Hille $b Chantal Perrin-
400    $7 ba0yba0y $8 fre    $9     $a Hille $b Chantal Perrin-Van
400    $7 ba0yba0y $8 fre    $9     $a Bayart-Van Hille $b Chantal
400    $7 ba0yba0y $8 fre    $9     $a Van Hille $b Chantal Bayart-
400    $7 ba0yba0y $8 fre    $9     $a Hille $b Chantal Bayart-Van
801    $a FR $b FR-751131015 $c 20110201
810    $a Le Téléphone efficace: comment l'utiliser avec succès / C. Bayard-Van Hille, D. Deslandes-Dollez, 1988 $a Adjoint administratif [Images animées] / Didier Ouvrard, réal. ; Chantal Perrin Van Hille, concept. CNED, [2003] $a L'épreuve orale des concours de catégorie C / Chantal Perrin-Van Hille, Patrick Roth, 2004
999    $a FRBNF145448379 $b 14544837
152    $b NP

