01002cx  a2200277   4500
001 37977
003 http://catalogue.bnf.fr/ark:/12148/cb11992810q
005 20240514043643.0
033    $a http://catalogue.bnf.fr/ark:/12148/cb11992810q
035    $a FRBNF11992810X
039    $o OPL $a 002316634
100    $a 19860219afrey50      ba0
101    $a fre
102    $a FR
103    $a  1982               
105    $a a
106    $a 1  
150    $a y $b a4  
210    $7 ba0yba0y $8 fre    $9 20  $a Association Dialogue entre les cultures $c France
300 0  $a Assoc. placée sous l'égide du Ministère de la culture (Département des affaires internationales), et ayant pour mission la promotion des cultures étrangères en France
303    $a 43 rue de Richelieu, 75001 Paris. Tél. 42.96.15.51
410    $7 ba0yba0y $8 fre    $9     $a ADEC
410    $7 ba0yba0y $8 fre    $9     $a Dialogue entre les cultures $c France
801    $a FR $b FR-751131015 $c 19921106
999    $a FRBNF11992810X $b 11992810
152    $b CO

