00918cx  a2200277   4500
001 38156
003 http://catalogue.bnf.fr/ark:/12148/cb14160435w
005 20240512045818.0
010    $a 0000000089089267 $2 ISNI $d 20150313
033    $a http://catalogue.bnf.fr/ark:/12148/cb14160435w
035    $a FRBNF141604350
100    $a 20030310afrey50      ba0
102    $a US
103    $a  19571118           
105    $a i
106    $a 1  
120    $a a
152    $c 2 $b NP
200    $7 ba0yba0y $8 fre    $9  0  $a Burton $b Jenny $f 1957-....
300 0  $a Chanteuse de  rock (R'n'B)
300 0  $a Née à New York
801    $a FR $b FR-751131015 $c 20140416
810    $a Souvenirs [Enregistrement sonore] / Jenny Burton, chant. Atlantic 7816901
810    $a VIAF - http://viaf.org/viaf/11502822/#Burton,_Jenny (2014-04-16)
856    $u http://viaf.org/viaf/11502822/#Burton,_Jenny $e 2014-04-16
999    $a FRBNF141604350 $b 14160435

