00867cx  a2200289   4500
001 38300
003 http://catalogue.bnf.fr/ark:/12148/cb12146511x
005 20240511074924.0
010    $a 0000000000851391 $2 ISNI $d 20150312
033    $a http://catalogue.bnf.fr/ark:/12148/cb12146511x
035    $a FRBNF121465110
039    $o OPL $a 005049656
039    $o OPP $a 14029186 $d 20140225
039    $o OPP $a 15130001 $d 20140225
100    $a 19900510afrey50      ba0
101    $a fre
102    $a FR
103    $a  19..               
105    $a a
106    $a 1  
120    $a a
200    $7 ba0yba0y $8 fre    $9  0  $a Blot $b Anne
300 0  $a Adaptatrice et traductrice d'anglais en français
801    $a FR $b FR-751131015 $c 20140225
810    $a Afrique, splendeurs d'un continent / R. O. Matthews, trad. A. Blot, 1989
999    $a FRBNF121465110 $b 12146511
152    $b NP

