01195cx  a2200289   4500
001 38462
003 http://catalogue.bnf.fr/ark:/12148/cb14559695z
005 20240518042249.0
010    $a 0000000003002846 $2 VIAF $d 20130802
033    $a http://catalogue.bnf.fr/ark:/12148/cb14559695z
035    $a FRBNF145596958
100    $a 20040730afrey50      ba0
101    $a fre
102    $a FR
103    $a  19700401  ....     
105    $a g $a a
106    $a 1  
120    $a b
200    $7 ba0yba0y $8 fre    $9  0  $a Oiry $b Stéphane $f 1970-....
300 0  $a Dessinateur et coloriste de bandes dessinées. - Illustrateur d'ouvrages pour la jeunesse
301    $a Nantes
801    $a FR $b FR-751131015 $c 20060829
810    $a Grand ménage sur les mots / Gérard Gréverand ; ill. de Stéphane Oiry, 2004 $a Le dedans des choses / scénario, Jean-Luc Cornette; dessin et couleurs, Stéphane Oiry (Les passe-murailles; tome 1), 2005
810    $a BD paradisio - http://www.bdparadisio.com (2006-08-29) $a Ricochet - http://www.ricochet-jeunes.org (2006-08-29)
856    $u http://www.bdparadisio.com $e 2006-08-29 $u http://www.ricochet-jeunes.org $e 2006-08-29
999    $a FRBNF145596958 $b 14559695
152    $b NP

