00881cx  a2200253   4500
001 38607
003 http://catalogue.bnf.fr/ark:/12148/cb13935059m
005 20240515055352.0
010    $a 0000000078392818 $2 VIAF $d 20130731
033    $a http://catalogue.bnf.fr/ark:/12148/cb13935059m
035    $a FRBNF139350592
100    $a 19910227afrey50      ba0
102    $a DE
103    $a  1955               
105    $a i
106    $a 1  
120    $a a
152    $c 2 $b NP
200    $7 ba0yba0y $8 fre    $9  0  $a Frimmer $b Monika $f 1955-....
300 0  $a Artiste lyrique (soprano)
801    $a FR $b FR-751131015 $c 20140916
810    $a Tilge, Höchester, meine Sünden BWV 1083 [Enregistrement sonore] : d'après Pergolesi Stabat Mater / Johann Sebastian Bach, comp. ; Monika Frimmer, S... [et al.]. Radio France TEM316020
810    $a Int. WWM, 2000-2001
999    $a FRBNF139350592 $b 13935059

