01215cx  a2200313   4500
001 38778
003 http://catalogue.bnf.fr/ark:/12148/cb11911172f
005 20240507073221.0
010    $a 0000000109185978 $2 VIAF $d 20130724
033    $a http://catalogue.bnf.fr/ark:/12148/cb11911172f
035    $a FRBNF119111720
039    $o OPL $a 000990958
100    $a 19760519afrey50      ba0
101    $a fre $t cat $t eng
102    $a FR
103    $a  19360424  20080616 
105    $a a
106    $a 1  
120    $a b
200    $7 ba0yba0y $8 fre    $9  0  $a Lartigue $b Pierre $f 1936-2008
300 0  $a Professeur d'espagnol. - Poète , romancier et co-auteur d'ouvrages sur la danse. - Traducteur
301    $a Dammarie-les-Lys (Seine-et-Marne) $b Paris
801    $a FR $b FR-751131015 $c 20080702
810    $a Beaux inconnus : roman / P. Lartigue, 1988 $a Barcelone / M. Durazzo ; préf. de P. Lartigue, 1989 $a Musicienne du silence, la Pietà d'Avignon / Pierre Lartigue, 2002
810    $a Monde, 2008-07-01
810    $a BN Cat. gén. 1970-1979 : Lartigue (Pierre) [confondu avec : "Lartigue, Pierre (1916-....)"]
815    $a BN Cat. gén. suppl.. - BN Cat. gén. 1960-1969
999    $a FRBNF119111720 $b 11911172
152    $b NP

