00824nx  a2200253   4500
001 38930
003 http://catalogue.bnf.fr/ark:/12148/cb12574039r
005 20240507073800.0
010    $a 0000000115755930 $2 VIAF $d 20130729
033    $a http://catalogue.bnf.fr/ark:/12148/cb12574039r
035    $a FRBNF125740397
039    $o OPL $a 013355421
100    $a 19970715afrey50      ba0
101    $a fre
102    $a FR
105    $a a
106    $a 1  
200    $7 ba0yba0y $8 fre    $9  0  $a Faure-Beaulieu $b Marcel
300 0  $a Traduit de l'espagnol en français
400    $7 ba0yba0y $8 fre    $9     $a Beaulieu $b Marcel Faure
801    $a FR $b FR-751131015 $c 19970715
810    $a Le sentiment tragique de la vie / Miguel de Unamuno ; trad. de l'espagnol par Marcel Faure-Beaulieu, 1965
999    $a FRBNF125740397 $b 12574039
152    $b NP

