00749nx  a2200241   4500
001 39109
003 http://catalogue.bnf.fr/ark:/12148/cb135722405
005 20240513053302.0
010    $a 0000000001237764 $2 ISNI $d 20150312
033    $a http://catalogue.bnf.fr/ark:/12148/cb135722405
035    $a FRBNF135722401
039    $o OPL $a 015156286
100    $a 20001031afrey50      ba0
101    $a fre
102    $a FR
105    $a a
106    $a 1  
200    $7 ba0yba0y $8 fre    $9  0  $a Martin $b Mathilde
300 0  $a Traduit de l'anglais en français
801    $a FR $b FR-751131015 $c 20001031
810    $a Du grabuge chez les insectes / William Kotzwinkle ; trad. de l'américain par Mathilde Martin, 2000
999    $a FRBNF135722401 $b 13572240
152    $b NP

