00828cx  a2200253   4500
001 39300
003 http://catalogue.bnf.fr/ark:/12148/cb14471396s
005 20240514073805.0
010    $a 0000000035065200 $2 VIAF $d 20130801
033    $a http://catalogue.bnf.fr/ark:/12148/cb14471396s
035    $a FRBNF144713967
100    $a 20030507afrey50      ba0
101    $a fre
102    $a FR
103    $a  19..      ....     
105    $a a
106    $a 1  
120    $a b
200    $7 ba0yba0y $8 fre    $9  0  $a Clavières $b Guillaume
300 0  $a Directeur adjoint du Service photo de "Paris Match" (en 2002)
801    $a FR $b FR-751131015 $c 20120313
810    $a Stars en liberté : les plus belles photos de tournage / [sélectionnées par] Marc Brincourt, Guillaume Clavières, 2002
999    $a FRBNF144713967 $b 14471396
152    $b NP

