00969cx  a2200289   4500
001 39449
003 http://catalogue.bnf.fr/ark:/12148/cb13519697p
005 20240519025248.0
010    $a 0000000114616285 $2 VIAF $d 20130730
033    $a http://catalogue.bnf.fr/ark:/12148/cb13519697p
035    $a FRBNF135196976
039    $o OPL $a 01429891X
100    $a 19990304afrey50      ba0
101    $a eng
102    $a US
103    $a  19600804           
105    $a a
106    $a 1  
120    $a b
152    $c 2 $b NP
200    $7 ba0yba0y $8 fre    $9  0  $a Ludwig $b Warren $f 1960-....
300 0  $a Auteur d'ouvrages pour la jeunesse
801    $a FR $b FR-751131015 $c 20090309
810    $a Les éléphants de Noé / raconté et ill. par Warren Ludwig ; [trad. par Chantal de Fleurieu], cop. 1997
810    $a LC authorities : Ludwig, Warren - http://authorities.loc.gov (2009-03-09)
856    $u http://authorities.loc.gov/ $e 2009-03-09
999    $a FRBNF135196976 $b 13519697

