01829cx  a2200385   4500
001 39610
003 http://catalogue.bnf.fr/ark:/12148/cb119616705
005 20240519055902.0
033    $a http://catalogue.bnf.fr/ark:/12148/cb119616705
035    $a FRBNF119616701
039    $o OPL $a 001921630
100    $a 19840426afrey50      ba0
106    $a 210
152    $b SNG $c 2
159    $a rameau
215    $7 ba0yba0y $8 fre    $9     $a Japon $x Histoire
305 1  $a Voir aussi la subdivision Découvertes et exploration japonaises aux lieux
305 1  $a Voir aussi la subdivision de forme Récits personnels japonais aux lieux
515    $5 h $3 17929636 $7 ba0yba0y $8 fre    $9     $a Ryūkyū (Japon ; royaume)
515    $5 h $3 11968147 $7 ba0yba0y $8 fre    $9     $a Japon $z Jusqu'à 1868
515    $5 h $3 11954914 $7 ba0yba0y $8 fre    $9     $a Japon $z 19e siècle
515    $5 h $3 11968150 $7 ba0yba0y $8 fre    $9     $a Japon $z 1868-....
550    $5 z $0 Voir aussi $3 16045504 $7 ba0yba0y $8 fre    $9     $a Découverte et exploration japonaises
550    $5 z $0 Voir aussi $3 11934253 $7 ba0yba0y $8 fre    $9     $a Japon
550    $5 h $3 17929636 $7 ba0yba0y $8 fre    $9     $a Ryūkyū (Japon ; royaume)
550    $5 h $3 11968147 $7 ba0yba0y $8 fre    $9     $a Japon $z Jusqu'à 1868
550    $5 h $3 11954914 $7 ba0yba0y $8 fre    $9     $a Japon $z 19e siècle
550    $5 h $3 11968150 $7 ba0yba0y $8 fre    $9     $a Japon $z 1868-....
580  0 $5 z $0 Voir aussi $3 12566010 $7 ba0yba0y $8 fre    $9     $a Chroniques japonaises
580  0 $5 z $0 Voir aussi $3 12182404 $7 ba0yba0y $8 fre    $9     $a Récits personnels japonais
686    $a 950 $2 Note de regroupement par domaine
801    $a FR $b FR-751131015 $c 20181227
822 12 $a Japan -- History $2 LCSH $u http://id.loc.gov/authorities/subjects/sh85069426 $d 2018-12-27
822 12 $a Japon -- Histoire $2 RVMLaval $d 2018-12-27
999    $a FRBNF119616701 $b 11961670

