01507cx  a2200325   4500
001 39806
003 http://catalogue.bnf.fr/ark:/12148/cb11894754c
005 20240514045504.0
010    $a 0000000381805785 $2 VIAF $d 20130724
033    $a http://catalogue.bnf.fr/ark:/12148/cb11894754c
035    $a FRBNF118947545
039    $o OPL $a 000554398
039    $o OPP $a 10264515 $d 20090430
039    $o OPP $a 10888474 $d 20090430
039    $o OPP $a 14671792 $d 20090430
039    $o OPP $a 14051604 $d 20090430
100    $a 19780731afrey50      ba0
101    $a fre $t fro $t ger $t rus
102    $a FR
103    $a  19260729           
105    $a a $a p
106    $a 1  
120    $a b
200    $7 ba0yba0y $8 fre    $9  0  $a Cadot $b Michel $f 1926-....
300 0  $a Agrégé de lettres, docteur ès lettres. - Professeur émérite, Université de Paris 3, Sorbonne-Nouvelle (en 1994). - Président de la Société française de littérature générale et comparée (1971-1973 et 1979-1981)
801    $a FR $b FR-751131015 $c 20090430
810    $a Dostoïevski d'un siècle à l'autre ou La Russie entre Orient et Occident / Michel Cadot, 2001 $a La fille du capitaine / Pouchkine ; [éd.] par Michel Cadot, 1989 $a Le roman de Renart / extraits traduits en français moderne, présentés et annotés par Michel Cadot, 1955 $a Don Juan / Bertolt Brecht ; adaptation de la pièce de Molière ; texte français et introduction de Michel Cadot  , 1984
810    $a WW, France 2008
999    $a FRBNF118947545 $b 11894754
152    $b NP

