01309cx  a2200301   4500
001 40001
003 http://catalogue.bnf.fr/ark:/12148/cb13925590x
005 20240507075225.0
010    $a 0000000081412656 $2 VIAF $d 20130731
033    $a http://catalogue.bnf.fr/ark:/12148/cb13925590x
035    $a FRBNF139255906
039    $o OPP $a 13836559 $d 20070618
100    $a 19900406afrey50      ba0
102    $a GB
103    $a  19160112  19990406 
105    $a i $a p
106    $a 1  
120    $a b
152    $c 2 $b NP
200    $7 ba0yba0y $8 fre    $9  0  $a Pleeth $b William $f 1916-1999
300 0  $a Violoncelliste
301    $a Londres (Grande-Bretagne) $b Londres (Grande-Bretagne)
510    $5 xxxk $0 Membre de :  $3 13901566 $7 ba0yba0y $8 fre    $9 20  $a Allegri String Quartet
801    $a FR $b FR-751131015 $c 20160114
810    $a Quartet for the end of time [Enregistrement sonore] / Olivier Messiaen, comp. ; Michel Béroff, p ; Erich Gruenberg, vl ; Gervase de Peyer, clar... [et al.]. Chronochromie / Olivier Messiaen, comp. ; BBC symphony orchestra ; Antal Doráti, dir.. - [Europe] : Warner music ; [France] : [distrib. Warner music France], [DL 2015].
810    $a Grove Music Online - http://www.grovemusic.com (2002-06-27)
856    $u http://www.grovemusic.com $e 2002-06-27
999    $a FRBNF139255906 $b 13925590

