01386cx  a2200325   4500
001 40355
003 http://catalogue.bnf.fr/ark:/12148/cb121017792
005 20240509050058.0
033    $a http://catalogue.bnf.fr/ark:/12148/cb121017792
035    $a FRBNF121017790
039    $o OPL $a 004403511
100    $a 19890124afrey50      ba0
106    $a 211
152    $b SNC $c 2
159    $a rameau
250    $7 ba0yba0y $8 fre    $9     $a Installations (art)
450    $7 ba0yba0y $8 fre    $9     $a Dispositifs (art)
550    $5 z $0 Voir aussi $3 12487743 $7 ba0yba0y $8 fre    $9     $a Art in situ
550    $5 z $0 Voir aussi $3 11942001 $7 ba0yba0y $8 fre    $9   2 $a Environnement $x art
550    $5 h $3 16582718 $7 ba0yba0y $8 fre    $9     $a Installations sonores (art)
550    $5 h $3 14474876 $7 ba0yba0y $8 fre    $9     $a Installations vidéo (art)
550    $5 g $3 11935705 $7 ba0yba0y $8 fre    $9     $a Art $z 1970-....
686    $a 700 $c Arts $2 Note de regroupement par domaine
801    $a FR $b FR-751131015 $c 20150113
810    $a Encycl. Larousse - http://www.larousse.fr (2015-01-07) $a Nouveau Littré 2006
810    $a Petit lexique de l'art contemporain / R. Atkins, 1992
822 12 $a Installations (art) $2 RVMLaval $d 2015-01-13
822 1  $a Installations (Art) $2 LCSH $u http://id.loc.gov/authorities/subjects/sh85066731 $d 2017-02-09
856    $u http://www.larousse.fr $e 2015-01-07
999    $a FRBNF121017790 $b 12101779

