01305cx  a2200277   4500
001 40546
003 http://catalogue.bnf.fr/ark:/12148/cb11917525g
005 20240513045507.0
010    $a 0000000110674250 $2 VIAF $d 20130724
033    $a http://catalogue.bnf.fr/ark:/12148/cb11917525g
035    $a FRBNF11917525X
039    $o OPL $a 001161152
100    $a 19790516afrey50      ba0
101    $a fre
102    $a CH
103    $a  19310817           
105    $a a $a p
106    $a 1  
120    $a b
152    $c 2 $b NP
200    $7 ba0yba0y $8 fre    $9  0  $a Neirynck $b Jacques $f 1931-....
300 0  $a Ingénieur électricien. - A enseigné à l'Université de Louvain et à Kinshasa. - Professeur au département d'électricité, École polytechnique fédérale, Lausanne (en 1986). - Professeur honoraire de l'École polytechnique fédérale de Lausanne (en 2006)
302    $a D'origine belge $a Naturalisé suisse vers 1996
801    $a FR $b FR-751131015 $c 20230904
810    $a Le Huitième jour de la création / J. Neirynck, 1986 $a La Suisse, un pays qui ne connaît pas son bonheur / Jacques  Neirynck, 2003 $a Phénomènes insolites : les étonnants pouvoirs de l'esprit / Marcel Odier ; [préface de Jacques Neirynck], impr. 2006 $a Émergence / Jacques Neirynck, 2022
999    $a FRBNF11917525X $b 11917525

