01058nx  a2200229   4500
001 40748
005 20160119050937.0
009 http://catalogue.bnf.fr/ark:/12148/cb15100165w
100    $a 20061002afrey50      ba0
106    $a 210
152    $b SNG $c 2
215    $7 ba0yba0y $8 fre    $9     $a Asie centrale $x Civilisation
305    $a Voir aussi la subdivision Influence de l'Asie centrale aux groupes ethniques et sujets noms communs appropriés (artistiques, culturels, littéraires et de civilisation en général)
515    $5 g $3 11982471 $7 ba0yba0y $8 fre    $9     $a Asie $x Civilisation
550    $5 z $0 Voir aussi $3 15100159 $7 ba0yba0y $8 fre    $9   2 $a Influence de l'Asie centrale
550    $5 h $3 16580094 $7 ba0yba0y $8 fre    $9   2 $a Art $y Asie centrale
550    $5 h $3 11995185 $7 ba0yba0y $8 fre    $9     $a Art tīmūride
686    $a 950 $c Histoire du reste du monde $2 Note de regroupement par domaine
801    $a FR $b FR-751131015 $c 20061002
810    $a Laval RVM (en ligne), 2006-10-02
822    $a Asia, Central -- Civilization $v LCSH (en ligne), 2006-10-02
999    $a 15100165

