00906cx  a2200253   4500
001 40952
003 http://catalogue.bnf.fr/ark:/12148/cb14154937q
005 20240508053141.0
033    $a http://catalogue.bnf.fr/ark:/12148/cb14154937q
035    $a FRBNF141549377
100    $a 20030310afrey50      ba0
102    $a XX
103    $a  19..               
105    $a i
106    $a 1  
120    $a b
152    $c 2 $b NP
200    $7 ba0yba0y $8 fre    $9  0  $a Bensoussan $b Aaron
300 0  $a Artiste lyrique (ténor)
801    $a FR $b FR-751131015 $c 20060620
810    $a Dark flame [Enregistrement sonore] : composed, arranged and adapted by Uri Caine after Gustav Mahler / Aaron Bensoussan, T... [et al.]. Winter & Winter 910 095-2
810    $a Sefarad records and management - http://www.gerardedery.com (2006-06-20)
856    $u http://www.gerardedery.com/ $e 2006-06-20
999    $a FRBNF141549377 $b 14154937

