01045nx  a2200325   4500
001 41157
003 http://catalogue.bnf.fr/ark:/12148/cb12007104s
005 20230918072215.0
010    $a 0000000119415773 $2 VIAF $d 20130724
033    $a http://catalogue.bnf.fr/ark:/12148/cb12007104s
035    $a FRBNF120071041
039    $o OPL $a 003960176 $z AMA
039    $o OPL $a 002464234 $z ACO
100    $a 19870206afrey50      ba0
101    $a fre
102    $a FR
103    $a  1866               
105    $a a
106    $a 010
150    $a z $b m9  
210    $7 ba0yba0y $8 fre    $9 20  $a Musée municipal $c Chaumont
300    $a Musée municipal contrôlé
303    $a Place du Palais, 52000 Chaumont
410    $7 ba0yba0y $8 fre    $9     $a Chaumont $b Musée municipal
410    $7 ba0yba0y $8 fre    $9     $a Musée de Chaumont
415    $7 ba0yba0y $8 fre    $9     $a Chaumont (Haute-Marne) $x Musée municipal
801    $a FR $b FR-751131015 $c 20000000
810    $a Mode fin de siècle : 1868-1908, 1985
999    $a FRBNF120071041 $b 12007104
152    $b CO

