01531cx  a2200361   4500
001 41340
003 http://catalogue.bnf.fr/ark:/12148/cb119006115
005 20240516063830.0
010    $a 0000000081842357 $2 VIAF $d 20130724
033    $a http://catalogue.bnf.fr/ark:/12148/cb119006115
035    $a FRBNF119006114
039    $o OPL $a 000708736
039    $o OPP $a 11456631 $d 20170927
039    $o OPP $a 16479372 $d 20170927
039    $o OPP $a 15293219 $d 20190629
039    $o OPP $a 15459861 $d 20200917
039    $o OPP $a 13216553 $d 20200917
100    $a 19741227afrey50      ba0
101    $a fre
102    $a FR
103    $a  19230810  20170724 
105    $a a
106    $a 1  
120    $a b
200    $7 ba0yba0y $8 fre    $9  0  $a Dreyfus $b Paul $f 1923-2017
300 0  $a Homme de lettres, historien du Dauphiné. - Grand reporter au "Dauphiné libéré", puis secrétaire général de ce journal
301    $a Saint-Omer (Pas-de-Calais) $b Saint-Martin d'Hères (Hérault)
801    $a FR $b FR-751131015 $c 20200917
810    $a Paul-Louis Merlin, le bâtisseur / Paul Dreyfus, 1974 $a Les couleurs de Rhône-Alpes / Paul Dreyfus, 1990 $a Saint Jean : un grand reporter sur les traces de l'évangéliste / Paul Dreyfus, 1998 [contient une bibliographie des œuvres de l'auteur]
810    $a WW, Rhône-Alpes 1988 $a Personnalités du Dauphiné / Pierre Roissard, 1984 $a Le Dauphiné libéré, 2017-07-26 [avis de décès]
810    $a BN Cat. gén. suppl. $a BN Cat. gén. 1960-1969
999    $a FRBNF119006114 $b 11900611
152    $b NP

