01835cx  a2200385   4500
001 41541
003 http://catalogue.bnf.fr/ark:/12148/cb11961080t
005 20240511065719.0
033    $a http://catalogue.bnf.fr/ark:/12148/cb11961080t
035    $a FRBNF119610805
039    $o OPL $a 001913256
100    $a 19840217afrey50      ba0
106    $a 211
152    $b SNC $c 2
159    $a rameau
250    $7 ba0yba0y $8 fre    $9     $a Géographie physique
450    $7 ba0yba0y $8 fre    $9     $a Écogéographie
450    $7 ba0yba0y $8 fre    $9     $a Physiographie
550    $5 h $3 12340540 $7 ba0yba0y $8 fre    $9     $a Altitudes
550    $5 h $3 11931215 $7 ba0yba0y $8 fre    $9     $a Climatologie
550    $5 h $3 17742953 $7 ba0yba0y $8 fre    $9     $a Confluences (géographie)
550    $5 h $3 11931568 $7 ba0yba0y $8 fre    $9     $a Géomorphologie
550    $5 h $3 11977836 $7 ba0yba0y $8 fre    $9     $a Hydrographie
550    $5 h $3 11951424 $7 ba0yba0y $8 fre    $9     $a Hydrologie
550    $5 h $3 11932496 $7 ba0yba0y $8 fre    $9     $a Météorologie
550    $5 h $3 11932882 $7 ba0yba0y $8 fre    $9     $a Océanographie
550    $5 g $3 17800425 $7 ba0yba0y $8 fre    $9     $a Géographie (discipline)
550    $5 g $3 11955444 $7 ba0yba0y $8 fre    $9     $a Géographie
686    $a 550 $c Sciences de la Terre $2 Note de regroupement par domaine
686    $a 910 $c Géographie, tourisme (guides) et voyages $2 Note de regroupement par domaine
801    $a FR $b FR-751131015 $c 20180830
810    $a Les mots de la géographie / R. Brunet, R. Ferras, H. Théry, 1996 $a Géographie physique / Pierre Pech,... Hervé Regnauld, 1996 $a Dict. simplifié de géographie physique / P. Saffache, 2001
822 12 $a Physical geography $2 LCSH $u http://id.loc.gov/authorities/subjects/sh85101552 $d 2018-08-30
822 12 $a Géographie physique $2 RVMLaval $d 2018-08-30
999    $a FRBNF119610805 $b 11961080

