01110cx  a2200325   4500
001 41720
003 http://catalogue.bnf.fr/ark:/12148/cb139628409
005 20240508054053.0
010    $a 0000000119316433 $2 ISNI $d 20150313
033    $a http://catalogue.bnf.fr/ark:/12148/cb139628409
035    $a FRBNF139628401
039    $o OPP $a 13888064 $d 20070129
039    $o OPP $a 15161119 $d 20130312
100    $a 19940322afrey50      ba0
101    $a fre
102    $a FR
103    $a  1983               
105    $a a $c e $d r
106    $a 1  
150    $a y $b l2  
210    $7 ba0yba0y $8 fre    $9 20  $a La Découverte
300 0  $a Maison d'édition qui a pris la suite de l'éditeur Maspero en 1983 et  de Syros en 1996
303    $a 9 bis, rue Abel-Hovelacque, 75013 Paris
410    $7 ba0yba0y $8 fre    $9     $a Editions La Découverte
510    $5 z $0 Voir aussi $3 14036541 $7 ba0yba0y $8 fre    $9 20  $a Syros
801    $a FR $b FR-751131015 $c 20130312
810    $a [Recueil. Catalogues d'éditeur], 2000-
856    $u http://www.editionsladecouverte.fr $e 2006-12-01
999    $a FRBNF139628401 $b 13962840
152    $b CO

