01032cx  a2200301   4500
001 41929
003 http://catalogue.bnf.fr/ark:/12148/cb15904924v
005 20240518031547.0
033    $a http://catalogue.bnf.fr/ark:/12148/cb15904924v
035    $a FRBNF159049244
100    $a 20090115afrey50      ba0
101    $a kor
102    $a XX
103    $a  19..               
105    $a a
106    $a 1  
152    $c 2 $b NP
200    $7 ba0yba0y $8 fre    $9  1  $a Hong $b Sung-Ji
300 0  $a Illustrateur
400    $7 ba0yba0e $8 fre    $9     $a Hong $b Seong-Chi
400    $7 ba0yba0e $8 fre    $9     $a Hong $b Song-Ji
700    $7 ba0yba0y $8 fre||| $9  0  $a Hoñ $b Sōñ-Či
700    $7 ba0yka0y $8 fre||| $9  0  $a 홍 $b 성지
801    $a FR $b FR-751131015 $c 20090316
810    $a La sorcière Pêle-Mêle / texte, Bo-Geum Cha ; illustration, Sung-Ji Hong ; traduction Bo-Youn Delage, DL 2008
815    $a National library of Korea : http://nl.go.kr (2007-03-16)
815    $a BnF Service coréen, 2007-03-16
999    $a FRBNF159049244 $b 15904924

