00951cx  a2200289   4500
001 42319
003 http://catalogue.bnf.fr/ark:/12148/cb12432892x
005 20240508054916.0
010    $a 0000000056699384 $2 VIAF $d 20131024
033    $a http://catalogue.bnf.fr/ark:/12148/cb12432892x
035    $a FRBNF124328921
039    $o OPL $a 010692312
100    $a 19941129afrey50      ba0
101    $a swe
102    $a SE
103    $a  1889      1966     
105    $a a
106    $a 010
120    $a a
152    $c 2 $b NP
200    $7 ba0yba0y $8 fre    $9  0  $a Bergman $b Karin $f 1889-1966
300    $a Épouse du pasteur Erik Bergman. - Mère d'Ingmar Bergman
400    $7 ba0yba0y $8 fre    $9     $a Åkerblom $b Karin $f 1889-1966
801    $a FR $b FR-751131015 $c 20030930
810    $a Den dubbla verkligheten : Karin och Erik Bergman i dagböcker och brev 1907-1936 / Birgit Linton-Malmfors, 1992
810    $a LCNA, 1987-1993
999    $a FRBNF124328921 $b 12432892

