01254cx  a2200313   4500
001 42511
003 http://catalogue.bnf.fr/ark:/12148/cb119067696
005 20240514020108.0
010    $a 0000000123197115 $2 VIAF $d 20131024
033    $a http://catalogue.bnf.fr/ark:/12148/cb119067696
035    $a FRBNF119067697
039    $o OPL $a 000871199
039    $o OPP $a 14365529 $d 20101210
039    $o OPP $a 14365528 $d 20101210
100    $a 19751126afrey50      ba0
101    $a fre
102    $a FR
103    $a  19390429           
105    $a a $a p
106    $a 010
120    $a a
200    $7 ba0yba0y $8 fre    $9  0  $a Hamayon $b Roberte $f 1939-....
300    $a Docteur ès-lettres et sciences humaines (Paris 10, 1988). - Ethnologue. - Directeur d'études à l'Ecole pratique des hautes études (en 1989)
400    $5 j $7 ba0yba0y $8 fre    $9     $a Hamayon $b Roberte N. $f 1939-....
400    $7 ba0yba0y $8 fre    $9     $a Michel $b Roberte $f 1939-....
801    $a FR $b FR-751131015 $c 20150313
810    $a La Chasse à l'âme : essai sur le chamanisme sibérien à partir de l'exemple bouriate (Sibérie méridionale) / Roberte Hamayon, 1988 [thèse] $a Taïga, terre de chamans / texte de Roberte N. Hamayon, 1997
999    $a FRBNF119067697 $b 11906769
152    $b NP

