00738nx  a2200241   4500
001 42664
003 http://catalogue.bnf.fr/ark:/12148/cb13486866h
005 20240508055637.0
010    $a 0000000000982885 $2 VIAF $d 20130730
033    $a http://catalogue.bnf.fr/ark:/12148/cb13486866h
035    $a FRBNF13486866X
039    $o OPL $a 014062108
100    $a 19980320afrey50      ba0
101    $a fre
102    $a FR
105    $a a
106    $a 1  
200    $7 ba0yba0y $8 fre    $9  0  $a Verlet $b Jean-Marie
300 0  $a Traduit du grec moderne en français
801    $a FR $b FR-751131015 $c 19980320
810    $a Le notaire : récit / Nikos Vassiliadis ; trad. du grec par Jean-Marie Verlet, 1997
999    $a FRBNF13486866X $b 13486866
152    $b NP

