00818cx  a2200265   4500
001 42828
003 http://catalogue.bnf.fr/ark:/12148/cb13084381v
005 20240512024329.0
010    $a 0000000066522443 $2 ISNI $d 20150313
033    $a http://catalogue.bnf.fr/ark:/12148/cb13084381v
035    $a FRBNF130843819
039    $o OPL $a 013012248
100    $a 19970115afrey50      ba0
101    $a fre
102    $a FR
103    $a  19..               
105    $a a
106    $a 1  
120    $a a
200    $7 ba0yba0y $8 fre    $9  0  $a Vaisman $b Anne
300 0  $a Journaliste, spécialiste des questions d'éducation, de famille et de société
801    $a FR $b FR-751131015 $c 20070412
810    $a Les Papas du week-end : comment font les parents / Anne Vaisman, 2001
999    $a FRBNF130843819 $b 13084381
152    $b NP

