00870nx  a2200265   4500
001 42985
003 http://catalogue.bnf.fr/ark:/12148/cb13184334h
005 20240508060432.0
010    $a 0000000063063886 $2 VIAF $d 20130730
033    $a http://catalogue.bnf.fr/ark:/12148/cb13184334h
035    $a FRBNF131843341
039    $o OPL $a 01370471X
039    $o OPP $a 11556151 $d 20170927
100    $a 19980219afrey50      ba0
101    $a fre
102    $a FR
103    $a  1655      17391008 
105    $a a
106    $a 1  
200    $7 ba0yba0y $8 fre    $9  0  $a Dubois $b Alexandre $f 1655-1739
300 0  $a Curé de Rumegies (Nord) de 1686 à 1739
801    $a FR $b FR-751131015 $c 19980219
810    $a Journal d'un curé de campagne au XVIIe siècle / [Alexandre Dubois] ; présentation, éd. et notes par Henri Platelle, 1997
999    $a FRBNF131843341 $b 13184334
152    $b NP

