02122cx  a2200361   4500
001 43174
003 http://catalogue.bnf.fr/ark:/12148/cb136146729
005 20240518045719.0
033    $a http://catalogue.bnf.fr/ark:/12148/cb136146729
035    $a FRBNF136146727
039    $o OPL $a 015444566
100    $a 20010413afrey50      ba0
106    $a 211
152    $b SNC $c 2
159    $a rameau
250    $7 ba0yba0y $8 fre    $9     $a Patrimoine écrit
300 1  $a Cette expression récente (1982) sert à désigner, comme objet d'intérêt national, les fonds patrimoniaux des bibliothèques, les documents écrits et graphiques conservés dans les services d'archives, les musées et les institutions de droit privé, tout ce qui fait partie de ce que l'on nomme couramment "ancien, rare et précieux"
330    $a Sous cette vedette, on trouve les documents sur la préservation et la valorisation de collections publiques (musées, services d'archives, bibliothèques), ainsi que de collections privées, comme les archives de maisons d'édition
450    $7 ba0yba0y $8 fre    $9     $a Bibliothèques $x Fonds patrimoniaux
450    $7 ba0yba0y $8 fre    $9     $a Collections patrimoniales
450    $7 ba0yba0y $8 fre    $9     $a Documents patrimoniaux
550    $5 z $0 Voir aussi $3 13318325 $7 ba0yba0y $8 fre    $9     $a Bibliothèques
550    $5 z $0 Voir aussi $3 11941412 $7 ba0yba0y $8 fre    $9     $a Fonds documentaires
550    $5 z $0 Voir aussi $3 16740797 $7 ba0yba0y $8 fre    $9     $a Publications
550    $5 z $0 Voir aussi $3 11963444 $7 ba0yba0y $8 fre    $9     $a Communication écrite
550    $5 z $0 Voir aussi $3 11932295 $7 ba0yba0y $8 fre    $9     $a Livres
550    $5 g $3 13319071 $7 ba0yba0y $8 fre    $9     $a Patrimoine culturel
686    $a 000 $c Généralités $2 Note de regroupement par domaine
686    $a 020 $c Sciences de l'information $2 Note de regroupement par domaine
801    $a FR $b FR-751131015 $c 20050525
810    $a Plan d'action pour le patrimoine écrit (PAPE) / G. Cohen, M. Yvon in Bulletin des bibliothèques de France, 2004, T. 49, n°5
815    $a Laval RVM (en ligne), 2001-04-13
999    $a FRBNF136146727 $b 13614672

