00924cx  a2200265   4500
001 43365
003 http://catalogue.bnf.fr/ark:/12148/cb120540771
005 20240515022843.0
010    $a 0000000121364119 $2 VIAF $d 20130724
033    $a http://catalogue.bnf.fr/ark:/12148/cb120540771
035    $a FRBNF120540777
039    $o OPL $a 00363931X
100    $a 19860101afrey50      ba0
101    $a ita
102    $a IT
103    $a  1959               
105    $a a
106    $a 1  
120    $a b
152    $c 2 $b NP
200    $7 ba0yba0y $8 fre    $9  0  $a Barbero $b Alessandro $f 1959-....
300 0  $a Historien et romancier. - Enseigne l'histoire médiévale à l'Université du Piémont oriental, Verceil, Italie (en 2005)
801    $a FR $b FR-751131015 $c 20230828
810    $a L'aristocrazia nella società francese del Medioevo / A. Barbero, 1987 $a Waterloo / Alessandro Barbero, impr. 2005
999    $a FRBNF120540777 $b 12054077

