00938nx  a2200277   4500
001 43536
003 http://catalogue.bnf.fr/ark:/12148/cb12538658t
005 20240508061238.0
010    $a 0000000089282278 $2 ISNI $d 20150313
033    $a http://catalogue.bnf.fr/ark:/12148/cb12538658t
035    $a FRBNF125386589
039    $o OPL $a 012884877
100    $a 19961107afrey50      ba0
101    $a fre
102    $a FR
103    $a  1992               
105    $a a
106    $a 1  
150    $a y $b a6  
210    $7 ba0yba0y $8 fre    $9 20  $a Fondation des banques CIC pour le livre
300 0  $a Fondation d'entreprise créée en 1992 par l'Union européenne de CIC, Crédit industriel et commercial
410    $7 ba0yba0y $8 fre    $9     $a Banques CIC pour le livre
801    $a FR $b FR-751131015 $c 19961128
810    $a Patrimoine des bibliothèques de France : un guide des régions, 1995
999    $a FRBNF125386589 $b 12538658
152    $b CO

