01463cx  a2200313   4500
001 43708
003 http://catalogue.bnf.fr/ark:/12148/cb13938824w
005 20240508061322.0
010    $a 0000000106565465 $2 ISNI $d 20150313
033    $a http://catalogue.bnf.fr/ark:/12148/cb13938824w
035    $a FRBNF139388244
100    $a 19910607afrey50      ba0
102    $a XX
103    $a  199.               
105    $a i
106    $a 010
150    $a y $b v8  
152    $c 2 $b CO
210    $7 ba0yba0y $8 fre    $9 20  $a L'Archibudelli
300    $a Ensemble instrumental de cordes jouant sur des instruments anciens la musique baroque et classique
307    $a Beths, Vera, violon $a Beths, Gijs, violon $a Kussmaul, Jürgen, alto $a Van Dael, Lucy, atlo $a Bylsma, Anner, violoncelle $a Scheifes, Lidewij, violoncelle $a McDonald, Marilyn, violon $a Jeukendrup, Guus, alto $a Slowik, Kenneth, violoncelle
500    $5 z $0 A pour membre :  $3 13185363 $7 ba0yba0y $8 fre    $9  0  $a Bylsma $b Anner $f 1934-2019
500    $5 z $3 13943907 $7 ba0yba0y $8 fre    $9  0  $a Beths $b Vera $f 1946-....
500    $5 z $0 A pour membre :  $3 13900701 $7 ba0yba0y $8 fre    $9  0  $a Dael $b Lucy van $f 1946-....
500    $5 z $0 A pour membre :  $3 13943909 $7 ba0yba0y $8 fre    $9  0  $a Koster $b Ab $f 1951-....
500    $5 z $3 13949435 $a Kussmaul $b Jürgen
801    $a FR $b FR-751131015 $c 20170321
810    $a String sextets [Enrgeostrement sonore] / l'Archibudelli. Sony Classical-Vivarte SK68252
999    $a FRBNF139388244 $b 13938824

