01142cx  a2200325   4500
001 44070
003 http://catalogue.bnf.fr/ark:/12148/cb135461887
005 20240518052331.0
010    $a 0000000048116740 $2 VIAF $d 20130731
033    $a http://catalogue.bnf.fr/ark:/12148/cb135461887
035    $a FRBNF135461887
039    $o OPL $a 014854886 $z AMA
100    $a 20000317afrey50      ba0
101    $a eng
102    $a US
103    $a  19690719           
105    $a a
106    $a 1  
120    $a b
152    $c 2 $b NP
200    $7 ba0yba0y $8 fre    $9  0  $a Brannon $b Ash $f 1969-....
300 0  $a Réalisateur et scénariste de films d'animation
400    $7 ba0yba0y $8 fre    $9     $a Brannon $b Ashley $f 1969-....
530    $5 z $0 Réalisateur de :  $3 17709805 $a Surf's up (film)
530    $5 z $0 Réalisateur de :  $3 13546184 $a Toy story 2 (film)
801    $a FR $b FR-751131015 $c 20230531
810    $a Toy story 2 [Images animées] / John Lasseter, Lee Unkrich, Ash Brannon, réal., 2000
810    $a Cine serie - https://www.cineserie.com (2023-05-31)
856    $u https://www.cineserie.com $e 2023-05-31
999    $a FRBNF135461887 $b 13546188

