00729cx  a2200229   4500
001 44316
003 http://catalogue.bnf.fr/ark:/12148/cb16031381h
005 20240517075114.0
033    $a http://catalogue.bnf.fr/ark:/12148/cb16031381h
035    $a FRBNF160313812
100    $a 20090520afrey50      ba0
101    $a fre
102    $a FR
105    $a a
106    $a 010
200    $7 ba0yba0y $8 fre    $9  0  $a Shirley et Dino
400    $5 l $7 ba0yba0y $8 fre    $9     $a Shirley & Dino
686    $a 790 $c Spectacles et loisirs (généralités) $2 Note de regroupement par domaine
801    $a FR $b FR-751131015 $c 20170208
810    $a Shirley & Dino / photographies de Didier Pallagès, DL 2008
999    $a FRBNF160313812 $b 16031381
152    $b NP

