00564cx  a2200193   4500
001 44470
003 http://catalogue.bnf.fr/ark:/12148/cb119322115
005 20240515070142.0
033    $a http://catalogue.bnf.fr/ark:/12148/cb119322115
035    $a FRBNF119322112
039    $o OPL $a 001530635
100    $a 19810211afrey50      ba0
106    $a 200
152    $b SNG $c 2
159    $a rameau
215    $7 ba0yba0y $8 fre    $9     $a Lourdes (Hautes-Pyrénées, France)
801    $a FR $b FR-751131015 $c 19890301
810    $a Dict. des communes, 1984
999    $a FRBNF119322112 $b 11932211

