00867nx  a2200253   4500
001 44681
003 http://catalogue.bnf.fr/ark:/12148/cb12451015f
005 20240508062943.0
010    $a 0000000116877542 $2 VIAF $d 20130729
033    $a http://catalogue.bnf.fr/ark:/12148/cb12451015f
035    $a FRBNF124510151
039    $o OPL $a 011032259
100    $a 19950227afrey50      ba0
101    $a eng
102    $a XX
105    $a a
106    $a 1  
152    $c 2 $b NP
200    $7 ba0yba0y $8 fre    $9  0  $a Palmer $b Cynthia
300 0  $a Editeur littéraire
801    $a FR $b FR-751131015 $c 19950227
810    $a Moksha : writings on psychedelics and the visionary experience, 1931-63 / Aldous Huxley ; ed. by Michael Horowitz and Cynthia Palmer ; with an introd. by David Bradshaw, 1927
810    $a LCNA (CD OCLC), 1994-09 $a BLNA, 1994-06
999    $a FRBNF124510151 $b 12451015

