01876cx  a2200325   4500
001 44873
003 http://catalogue.bnf.fr/ark:/12148/cb14610567m
005 20240513024053.0
010    $a 0000000083655811 $2 VIAF $d 20130802
033    $a http://catalogue.bnf.fr/ark:/12148/cb14610567m
035    $a FRBNF146105675
039    $o OPP $a 15518062 $d 20090817
039    $o OPP $a 17790256 $d 20190131
100    $a 20050304afrey50      ba0
101    $a fre
102    $a FR
103    $a  19741118           
105    $a a
106    $a 1  
120    $a b
200    $7 ba0yba0y $8 fre    $9  0  $a Fournier $b Laurent Sébastien $f 1974-....
300 0  $a Docteur en ethnologie, anthropologie (Montpellier 3, 2002). - Enseignant en ethnologie aux universités de Montpellier 3 et de Nîmes (en 2004). - Maître de conférences en sociologie du sport et des loisirs, à l'Université de Nantes (en 2009)
400    $7 ba0yba0y $8 fre    $9     $a Fournier $b Sébastien $f 1974-....
400    $7 ba0yba0y $8 fre    $9     $a Fournier $b Laurent $f 1974-....
801    $a FR $b FR-751131015 $c 20190326
810    $a Fêtes et rites agraires en Europe : métamorphoses ? / sous la dir. de Jocelyne Bonnet et Laurent Sébastien Fournier, 2004 $a Tauromachies, cultures du Sud / [sous la direction de] Catherine Bernié-Boissard, Laurent Sébastien Fournier, DL 2007 $a Tauromachies, sport, culture / 2èmes Journées d'études universitaires, 3 et 4 juin 2005, Centre universitaire Vauban-Nîmes ; [coordonné par] Sébastien Fournier, Catherine Bernié-Boissard, Jean-Pierre Michel, DL 2006
810    $a Université de Nantes - http://www.univ-nantes.fr (2009-08-17) $a Université de Nantes : Fournier, Laurent - http://www.univ-nantes.fr/fournier-l (2012-02-27)
856    $u http://www.univ-nantes.fr $e 2009-08-17 $u http://www.univ-nantes.fr/fournier-l $e 2012-02-27
999    $a FRBNF146105675 $b 14610567
152    $b NP

