01432cx  a2200325   4500
001 45050
003 http://catalogue.bnf.fr/ark:/12148/cb13339275b
005 20240514044249.0
010    $a 0000000121139376 $2 ISNI $d 20160215
033    $a http://catalogue.bnf.fr/ark:/12148/cb13339275b
035    $a FRBNF133392759
039    $o OPL $a 014228416
039    $o OPL $a 014228409
039    $o OPP $a 13339274 $d 20111128
100    $a 19990125afrey50      ba0
101    $a fre
102    $a CD
103    $a  19961018           
105    $a a
106    $a 010
150    $a y $b p1  
152    $c 2 $b CO
210    $7 ba0yba0y $8 fre    $9 20  $a Alliance des forces démocratiques pour la libération du Congo-Zaïre
300    $a Coalition politique et militaire dirigée par Laurent-Désiré Kabila qui prend le pouvoir à Kinshasa en mai 1997 au terme de huit mois de guerre civile. - l'AFDL regroupe le Parti de la révolution populaire (PRP) de Kabila, le Conseil national de la résistance pour la démocratie (CNRD), l' Alliance démocratique des peuples (ADP) et le Mouvement révolutionnaire du Zaïre (MRZ)
410    $7 ba0yba0y $8 fre    $9     $a AFDL
550    $5 g $3 12090051 $7 ba0yba0y $8 fre    $9     $a Partis politiques $y Congo (République démocratique)
686    $a 320 $c Sciences politiques $2 Note de regroupement par domaine
801    $a FR $b FR-751131015 $c 20111128
810    $a Monde, 1997-05-20
999    $a FRBNF133392759 $b 13339275

