01315cx  a2200349   4500
001 45213
003 http://catalogue.bnf.fr/ark:/12148/cb119868694
005 20240508063731.0
010    $a 0000000109019400 $2 VIAF $d 20130724
033    $a http://catalogue.bnf.fr/ark:/12148/cb119868694
035    $a FRBNF119868691
039    $o OPL $a 002042037 $z AMA
039    $o OPL $a 002254563 $z APP
039    $o OPP $a 10627420 $d 20070515
039    $o OPP $a 11283921 $d 20070515
100    $a 19851002afrey50      ba0
101    $a fre
102    $a CH
103    $a  17200313  17930520 
105    $a a
106    $a 010
120    $a b
152    $c 2 $b NP
200    $7 ba0yba0y $8 fre    $9  0  $a Bonnet $b Charles $f 1720-1793
300    $a Philosophe et naturaliste
301    $a Genève (Suisse) $b Genève (Suisse)
801    $a FR $b FR-751131015 $c 20200721
810    $a Essai analytique sur les facultés de l'âme / par Charles Bonnet, 1760 $a Recherches sur l'usage des feuilles dans les plantes / par Charles Bonnet, 1754
810    $a Larousse 19e s. $a Dictionnaire historique de la Suisse - https://hls-dhs-dss.ch/fr/articles/015877/2011-04-06 (2020-07-21)
810    $a BN Cat. gén. : Bonnet (Charles), de Genève
856    $u https://hls-dhs-dss.ch/fr/articles/015877/2011-04-06/ $e 2020-07-21
999    $a FRBNF119868691 $b 11986869

