00557nx  a2200193   4500
001 45390
003 http://catalogue.bnf.fr/ark:/12148/cb12223871n
005 20240508063812.0
033    $a http://catalogue.bnf.fr/ark:/12148/cb12223871n
035    $a FRBNF122238717
039    $o OPL $a 007825069
100    $a 19911031afrey50      ba0
106    $a 200
152    $b SNG $c 2
159    $a rameau
215    $7 ba0yba0y $8 fre    $9     $a Nohant-Vic (Indre, France)
801    $a FR $b FR-751131015 $c 19911031
810    $a Dict. communes, 1984 $a GDEL
999    $a FRBNF122238717 $b 12223871

