05375cx  a2200853   4500
001 45552
003 http://catalogue.bnf.fr/ark:/12148/cb11976549g
005 20240508064519.0
033    $a http://catalogue.bnf.fr/ark:/12148/cb11976549g
035    $a FRBNF119765499
039    $o OPL $a 002132075
039    $o OPL $a 011078071
039    $o OPP $a 12454810 $d 20211110
100    $a 19850702afrey50      ba0
106    $a 201
152    $b GENRE/FORM $c 2
159    $a rameau
180    $a b
280  0 $7 ba0yba0y $8 fre    $9     $a Littérature portugaise
330    $a S'emploie également en subdivision
330    $a Les subdivisions chronologiques spécifiques employées sous la vedette Littérature portugaise doivent être utilisées pour tous les genres littéraires portugais
480  0 $7 ba0yba0y $8 fre    $9     $a Et la littérature portugaise
550    $5 z $0 Voir aussi $3 12010241 $7 ba0yba0y $8 fre    $9     $a Écrivains portugais
550    $5 z $0 Voir aussi $3 12124610 $7 ba0yba0y $8 fre    $9     $a Littérature comparée $x Allemande et portugaise
550    $5 z $0 Voir aussi $3 14584647 $7 ba0yba0y $8 fre    $9     $a Littérature comparée $x Américaine et portugaise
550    $5 z $0 Voir aussi $3 15601194 $7 ba0yba0y $8 fre    $9     $a Littérature comparée $x Anglaise et portugaise
550    $5 z $0 Voir aussi $3 14643068 $7 ba0yba0y $8 fre    $9     $a Littérature comparée $x Brésilienne et portugaise
550    $5 z $0 Voir aussi $3 12220022 $7 ba0yba0y $8 fre    $9     $a Littérature comparée $x Espagnole et portugaise
550    $5 z $0 Voir aussi $3 15066887 $7 ba0yba0y $8 fre    $9     $a Littérature comparée $x Française et portugaise
550    $5 z $0 Voir aussi $3 12319093 $7 ba0yba0y $8 fre    $9     $a Littérature comparée $x Italienne et portugaise
550    $5 z $0 Voir aussi $3 15088100 $7 ba0yba0y $8 fre    $9     $a Littérature comparée $x Portugaise et provençale
550    $5 z $0 Voir aussi $3 18114896 $7 ba0yba0y $8 fre    $9     $a Littérature comparée $x Portugaise et sud-africaine
550    $5 h $3 18011072 $7 ba0yba0y $8 frepor $9     $a Geração de 70 (littérature portugaise)
550    $5 g $3 12081053 $7 ba0yba0y $8 fre    $9     $a Civilisation $y Portugal
580  0 $5 h $3 17813228 $7 ba0yba0y $8 fre    $9     $a Autobiographie portugaise
580  0 $5 h $3 12566009 $7 ba0yba0y $8 fre    $9     $a Chroniques portugaises
580  0 $5 h $3 17710529 $7 ba0yba0y $8 fre    $9     $a Littérature d'exil portugaise
580  0 $5 h $3 12471208 $7 ba0yba0y $8 fre    $9     $a Littérature de colportage portugaise
580  0 $5 h $3 16040349 $7 ba0yba0y $8 fre    $9     $a Littérature épistolaire portugaise
580  0 $5 h $3 16040351 $7 ba0yba0y $8 fre    $9     $a Littérature érotique portugaise
580  0 $5 h $3 16914821 $7 ba0yba0y $8 fre    $9     $a Littérature expérimentale portugaise
580  0 $5 h $3 16955690 $7 ba0yba0y $8 fre    $9     $a Littérature fantastique portugaise
580  0 $5 h $3 15044230 $7 ba0yba0y $8 fre    $9     $a Littérature humoristique portugaise
580  0 $5 h $3 12464603 $7 ba0yba0y $8 fre    $9     $a Littérature pastorale portugaise
580  0 $5 h $3 15684183 $7 ba0yba0y $8 fre    $9     $a Littérature policière portugaise
580  0 $5 h $3 12368513 $7 ba0yba0y $8 fre    $9     $a Littérature populaire portugaise
580  0 $5 h $3 17102506 $7 ba0yba0y $8 fre    $9     $a Contes littéraires portugais
580  0 $5 h $3 11947365 $7 ba0yba0y $8 fre    $9     $a Littérature portugaise $z Avant 1500
580  0 $5 h $3 12004218 $7 ba0yba0y $8 fre    $9     $a Littérature portugaise $z 1500-1700 (Période classique)
580  0 $5 h $3 12077628 $7 ba0yba0y $8 fre    $9     $a Littérature portugaise $z 20e siècle
580  0 $5 h $3 15755254 $7 ba0yba0y $8 fre    $9     $a Littérature portugaise de langue espagnole
580  0 $5 h $3 12020512 $7 ba0yba0y $8 fre    $9     $a Littérature portugaise pour la jeunesse
580  0 $5 h $3 12020078 $7 ba0yba0y $8 fre    $9     $a Littérature religieuse portugaise
580  0 $5 h $3 16074976 $7 ba0yba0y $8 fre    $9     $a Maximes portugaises
580  0 $5 h $3 16764890 $7 ba0yba0y $8 fre    $9     $a Mémoires (genre littéraire) portugais
580  0 $5 h $3 12115033 $7 ba0yba0y $8 fre    $9     $a Nouvelles portugaises
580  0 $5 h $3 11979789 $7 ba0yba0y $8 fre    $9     $a Poésie portugaise
580  0 $5 h $3 16543684 $7 ba0yba0y $8 fre    $9     $a Discours portugais
580  0 $5 h $3 12020719 $7 ba0yba0y $8 fre    $9     $a Récits de voyages portugais
580  0 $5 h $3 12117657 $7 ba0yba0y $8 fre    $9     $a Roman portugais
580  0 $5 h $3 16551616 $7 ba0yba0y $8 fre    $9     $a Science-fiction portugaise
580  0 $5 h $3 12027209 $7 ba0yba0y $8 fre    $9     $a Théâtre (genre littéraire) portugais
580  0 $5 h $3 12010388 $7 ba0yba0y $8 fre    $9     $a Écrits d'immigrés portugais
580  0 $5 h $3 14525608 $7 ba0yba0y $8 fre    $9     $a Écrits de prisonniers portugais
580  0 $5 h $3 16767836 $7 ba0yba0y $8 fre    $9     $a Essai (genre littéraire) portugais
580  0 $5 h $3 17741124 $7 ba0yba0y $8 fre    $9     $a Fables portugaises
580  0 $5 h $3 16977526 $7 ba0yba0y $8 fre    $9     $a Littérature clandestine portugaise
580  0 $5 g $3 14600454 $7 ba0yba0y $8 fre    $9     $a Littérature ibérique
580  0 $5 g $3 12261435 $7 ba0yba0y $8 fre    $9     $a Littérature lusophone
686    $a 800 $c Histoire et critique littéraires $2 Note de regroupement par domaine
801    $a FR $b FR-751131015 $c 20240108
822 12 $a Portuguese literature $2 LCSH $u http://id.loc.gov/authorities/subjects/sh85105349 $d 2021-11-09
822 12 $a Littérature portugaise $2 RVMLaval $d 2021-11-09
999    $a FRBNF119765499 $b 11976549

