00726nx  a2200241   4500
001 45734
003 http://catalogue.bnf.fr/ark:/12148/cb13197137x
005 20240511064113.0
010    $a 0000000053406726 $2 VIAF $d 20130730
033    $a http://catalogue.bnf.fr/ark:/12148/cb13197137x
035    $a FRBNF13197137X
039    $o OPL $a 013940777
100    $a 19980715afrey50      ba0
101    $a fre
102    $a FR
105    $a a
106    $a 1  
200    $7 ba0yba0y $8 fre    $9  0  $a Rouèche $b Arnauld
300 0  $a Illustrateur
801    $a FR $b FR-751131015 $c 19980715
810    $a Contes et légendes de l'Europe médiévale / Gilles Massardier ; ill. de Arnauld Rouèche, 1998
999    $a FRBNF13197137X $b 13197137
152    $b NP

