01466cx  a2200349   4500
001 45888
003 http://catalogue.bnf.fr/ark:/12148/cb14692991q
005 20240512023523.0
010    $a 0000000044987266 $2 VIAF $d 20130802
033    $a http://catalogue.bnf.fr/ark:/12148/cb14692991q
035    $a FRBNF146929910
039    $o OPP $a 10282975 $d 20210106
100    $a 20050825afrey50      ba0
101    $a fre
102    $a FR
103    $a  18770708  19680208 
105    $a a $a i
106    $a 010
120    $a b
200    $7 ba0yba0y $8 fre    $9  0  $a Navarre $b René $f 1877-1968
300    $a Comédien, producteur, réalisateur. - Créateur du personnage de Fantômas
301    $a Limoges (Haute-Vienne) $b Azay-sur-Cher (Indre-et-Loire)
530    $5 z $0 Réalisateur de :  $3 16462266 $a Tue- la- mort (film)
530    $5 z $0 Réalisateur de :  $3 16459328 $a Le sept de trèfle (film)
530    $5 z $0 Réalisateur de :  $3 16459256 $a L'Aiglonne (film)
686    $a 791 $c Audiovisuel $2 Note de regroupement par domaine
801    $a FR $b FR-751131015 $c 20210106
810    $a Fantômas c'était moi : souvenirs du créateur de fantômas en 1913 / René Navarre ; mémoires présentés et commentés par son petit-fils, François-Marie Pons, DL 2012
810    $a Dictionnaire du cinéma universel / René Jeanne, Charles Ford, 1970 $a IMDb - https://www.imdb.com (2021-01-06)
856    $u https://www.imdb.com $e 2021-01-06
999    $a FRBNF146929910 $b 14692991
152    $b NP

