01213cx  a2200313   4500
001 46053
003 http://catalogue.bnf.fr/ark:/12148/cb12604373g
005 20240508065442.0
010    $a 0000000081732043 $2 VIAF $d 20130729
033    $a http://catalogue.bnf.fr/ark:/12148/cb12604373g
035    $a FRBNF126043732
039    $o OPL $a 000737079
100    $a 19741217afrey50      ba0
101    $a fre
102    $a FR
103    $a  19110607  20011214 
105    $a a
106    $a 1  
120    $a b
200    $7 ba0yba0y $8 fre    $9  0  $a Emmanuel $b Arghiri $f 1911-2001
300 0  $a Économiste, spécialiste des problèmes de développement. - Professeur à l'Institut d'études du dévelopement économique et social, Iedes, Université Paris I
301    $a Patras (Grèce) $b Paris
801    $a FR $b FR-751131015 $c 20200924
810    $a L'échange inégal : essai sur les antagonismes dans les rapports économiques internationaux / Arghiri Emmanuel, 1969
810    $a Monde, 2001-12-18 $a INSEE, Fichier des décès - https://deces.matchid.io/search (2020-09-24)
810    $a BN Cat. gén. 1960-1969
856    $u https://deces.matchid.io/search $e 2020-09-24
999    $a FRBNF126043732 $b 12604373
152    $b NP

