01145cx  a2200301   4500
001 46242
003 http://catalogue.bnf.fr/ark:/12148/cb12656434c
005 20240519033940.0
010    $a 0000000118735185 $2 VIAF $d 20130729
033    $a http://catalogue.bnf.fr/ark:/12148/cb12656434c
035    $a FRBNF126564347
039    $o OPL $a 002569349
100    $a 19840420afrey50      ba0
101    $a fre
102    $a FR
103    $a  19630314           
105    $a a
106    $a 1  
120    $a b
200    $7 ba0yba0y $8 fre    $9  0  $a Masbou $b Jean-Luc $f 1963-....
300 0  $a Dessinateur de bandes dessinées
400    $7 ba0yba0y $8 fre    $9     $a Masbou $f 1963-....
801    $a FR $b FR-751131015 $c 20190116
810    $a De cape et de crocs / scénario, Alain Ayroles ; dessin, Jean-Luc Masbou, impr. 2006 $a De cape et de crocs [Texte imprimé] / Ayroles & Masbou. - [Paris] : Éditions Delcourt, DL 2018.
810    $a Delcourt - https://www.editions-delcourt.fr/auteur/masbou-jean-luc.html (2019-01-16)
856    $u https://www.editions-delcourt.fr/auteur/masbou-jean-luc.html $e 2019-01-16
999    $a FRBNF126564347 $b 12656434
152    $b NP

