01266cx  a2200277   4500
001 46405
003 http://catalogue.bnf.fr/ark:/12148/cb14030738z
005 20240509061447.0
010    $a 000000008145352X $2 VIAF $d 20130801
033    $a http://catalogue.bnf.fr/ark:/12148/cb14030738z
035    $a FRBNF140307385
100    $a 20000414afrey50      ba0
102    $a DE
103    $a  1960               
105    $a i
106    $a 1  
120    $a b
152    $c 2 $b NP
200    $7 ba0yba0y $8 fre    $9  0  $a Brembeck $b Christian $f 1960-....
300 0  $a Organiste, claveciniste, pianiste et chef d'orchestre
510    $5 xxxz $0 Dirige :  $3 16511054 $7 ba0yba0y $8 fre    $9 20  $a Parthenia Baroque
801    $a FR $b FR-751131015 $c 20110524
810    $a Geistliche Harmonien [Enregistrement sonore] : 1665 / Christoph Bernhard, comp. ; Parthenia Vocal, ens. voc. ; Parthenia Baroque, ens. instr. ; Christian Brembeck, dir. Christophorus CHR 77346
810    $a Katalog der Deutschen Nationalbibliothek - http://d-nb.info/gnd/131714325/about/html (2011-05-24) $a Library of Congres authorities - http://authorities.loc.gov (2011-05-24)
856    $u http://d-nb.info/gnd/131714325/about/html $e 2011-05-24 $u http://authorities.loc.gov/ $e 2011-05-24
999    $a FRBNF140307385 $b 14030738

