00805cx  a2200265   4500
001 46568
003 http://catalogue.bnf.fr/ark:/12148/cb13187245m
005 20240515024422.0
010    $a 000000000039934X $2 ISNI $d 20150312
033    $a http://catalogue.bnf.fr/ark:/12148/cb13187245m
035    $a FRBNF131872453
039    $o OPL $a 013753642
100    $a 19980318afrey50      ba0
101    $a fre
102    $a FR
103    $a  19..               
105    $a a
106    $a 1  
120    $a b
200    $7 ba0yba0y $8 fre    $9  0  $a Lehénaff $b Christophe
300 0  $a Photographe, spécialiste d'astronomie
801    $a FR $b FR-751131015 $c 20130910
810    $a La photographie du ciel / C. Lehénaff, 1997 $a Ciel profond / Christophe Lehénaff, DL 2008
999    $a FRBNF131872453 $b 13187245
152    $b NP

