00779nx  a2200253   4500
001 46717
003 http://catalogue.bnf.fr/ark:/12148/cb13528000s
005 20240509062127.0
010    $a 0000000023677496 $2 VIAF $d 20130730
033    $a http://catalogue.bnf.fr/ark:/12148/cb13528000s
035    $a FRBNF135280004
039    $o OPL $a 01452566X
100    $a 19990723afrey50      ba0
101    $a fre
102    $a FR
103    $a  1957               
105    $a a
106    $a 1  
200    $7 ba0yba0y $8 fre    $9  0  $a Pierrakos $b Hélène $f 1957-....
300 0  $a Depuis 1985, productrice d'émissions à Radio-France (France-Musique et France-Culture)
801    $a FR $b FR-751131015 $c 19990723
810    $a Chopin, 1810-1849, 1998
999    $a FRBNF135280004 $b 13528000
152    $b NP

