00717cx  a2200241   4500
001 46903
003 http://catalogue.bnf.fr/ark:/12148/cb14469451t
005 20240511071431.0
010    $a 0000000003092028 $2 VIAF $d 20130801
033    $a http://catalogue.bnf.fr/ark:/12148/cb14469451t
035    $a FRBNF144694513
100    $a 20030425afrey50      ba0
101    $a fre $t eng
102    $a FR
103    $a  19..      ....     
105    $a a
106    $a 1  
120    $a a
200    $7 ba0yba0y $8 fre    $9  0  $a Carron $b Isabelle
801    $a FR $b FR-751131015 $c 20030425
810    $a C'est pas la fin du monde / Kate Atkinson ; trad. de l'anglais par Isabelle Carron, 2003
999    $a FRBNF144694513 $b 14469451
152    $b NP

