01030cx  a2200289   4500
001 47043
003 http://catalogue.bnf.fr/ark:/12148/cb14046868t
005 20240511060822.0
010    $a 0000000115722960 $2 VIAF $d 20130801
033    $a http://catalogue.bnf.fr/ark:/12148/cb14046868t
035    $a FRBNF140468680
100    $a 20011207afrey50      ba0
102    $a US
103    $a  19680127           
105    $a a $a i
106    $a 1  
120    $a b
152    $c 2 $b NP
200    $7 ba0yba0y $8 fre    $9  0  $a Patton $b Mike $f 1968-....
300 0  $a Chanteur de rock et de hard-rock
510    $5 xxxk $0 Membre de :  $3 13903420 $a Faith no more
510    $5 xxxk $0 Membre de :  $3 13989411 $7 ba0yba0y $8 fre    $9 20  $a Mr. Bungle
801    $a FR $b FR-751131015 $c 20131009
810    $a Adult theme for voice [Enregistrement sonore] / Mike Patton, chant, voix. Tzadik TZ 7015
810    $a Mike Patton - http://www.etl.hu/~csego/patton (2005-02-15)
856    $u http://www.etl.hu/~csego/patton/ $e 2005-02-15
999    $a FRBNF140468680 $b 14046868

