00940cx  a2200265   4500
001 47228
003 http://catalogue.bnf.fr/ark:/12148/cb15983570b
005 20240511061318.0
010    $a 000000005823541X $2 ISNI $d 20160216
033    $a http://catalogue.bnf.fr/ark:/12148/cb15983570b
035    $a FRBNF15983570X
100    $a 20090325afrey50      ba0
102    $a GR
103    $a  19..               
105    $a i
106    $a 1  
120    $a b
152    $c 2 $b NP
200    $7 ba0yba0y $8 fre    $9  1  $a Psarantonis
300 0  $a Joueur de lyre (viele), de mandoline, chanteur de musique traditionnelle crétoise
700    $7 ba0yba0a $8 fregre $9 00  $a Psarantṓnīs
700    $7 ba0yga0y $8 fregre $9 90  $a Ψαραντώνης
801    $a FR $b FR-751131015 $c 20090402
810    $a Mountain rebels [Enregistrement sonore] / Psarantonis, vièle à archet ; & the ensemble Xylouris, ens. instr. Network 495123
999    $a FRBNF15983570X $b 15983570

