02409cx  a2200409   4500
001 47724
005 20160124235210.0
009 http://catalogue.bnf.fr/ark:/12148/cb12526202d
039    $o OPL $a 012711918 $z ACO
039    $o OPL $a 000320769 $z AMA
100    $a 19960823afrey50      ba0
101    $a fre
102    $a FR
103    $a  19840129           
105    $a a
106    $a 010
150    $a y $b p1  
152    $a AFNOR Z 44-060 $b CO
210    $7 ba0yba0y $8 fre    $9 20  $a Les Verts $c France $g Parti écologiste et démocratique
300    $a Parti écologiste né en janvier 1984 de la fusion des Verts Parti écologiste (1982) et des Verts Confédération écologiste (1983), héritiers des mouvements écologistes associatifs des années 1960 plus tard impliqués dans le jeu politique, notamment avec Europe écologie (européennes de 1979) et le Mouvement d'écologie politique (MEP puis VPE)
300    $a Réforme statutaire votée en octobre 1996 pour élargir le parti écologiste en vue d'une coalition électorale avec les partis de gauche pour 1997. L'association avec le PS a été approuvée en mars 1997, mais la fusion projetée avec l'AREV n'a pu aboutir, et celle prévue avec Convergences écologie solidarité (CES, N. Mamère) a été rejetée par les Verts (mars 1997)
300    $a Selon les statuts du mouvement (approuvés le 8/10/1995), le nom officiel du mouvement est bien "Les Verts"
303    $a 107 avenue Parmentier, 75011 Paris
303    $a Ancienne adresse : 29 boulevard Victor, 75015 Paris
410    $7 ba0yba0y $8 fre    $9     $a VCP
410    $7 ba0yba0y $8 fre    $9     $a VPED
410    $7 ba0yba0y $8 fre    $9     $a Confédération écologiste et Parti écologiste $c France
410    $7 ba0yba0y $8 fre    $9     $a Parti vert $c France
410    $7 ba0yba0y $8 fre    $9     $a Verts CP $c France
410    $7 ba0yba0y $8 fre    $9     $a Verts, parti écologiste et démocratique $c France
510    $5 b $0 Après 2010, voir $3 16516020 $7 ba0yba0y $8 fre    $9 20  $a Europe écologie-Les Verts
550    $5 g $3 13319509 $7 ba0yba0y $8 fre    $9   4 $a Partis politiques $y France
801    $a FR $b FR-751131015 $c 20110628
810    $a Les partis Verts en Europe occidentale, 1996
810    $a Publ. Chlorophyle - http://www.imaginet.verts.fr (2000-08-07)
810    $a Political parties of the world, 1984 $a Quid 1996 (p. 865) $a Monde, 1996-09-03, 1996-10-08, 1997-05-23
999    $a 12526202

