01058cx  a2200289   4500
001 47921
003 http://catalogue.bnf.fr/ark:/12148/cb133313730
005 20240519073925.0
010    $a 0000000121422745 $2 VIAF $d 20130730
033    $a http://catalogue.bnf.fr/ark:/12148/cb133313730
035    $a FRBNF133313733
039    $o OPL $a 014091145
100    $a 19981015afrey50      ba0
101    $a fre
102    $a FR
103    $a  19731229           
105    $a a $a i $a p
106    $a 1  
120    $a b
200    $7 ba0yba0y $8 fre    $9  0  $a Cathrine $b Arnaud $f 1973-....
300 0  $a Romancier. - Auteur de livres pour enfants. - Parolier
801    $a FR $b FR-751131015 $c 20100120
810    $a Les yeux secs : roman / Arnaud Cathrine, 1998
810    $a SGDL - http://www.sgdl.org/la-documentation/les-dossiers (2010-01-20) $a Ricochet - http://asp.ricochet-jeunes.org (), 2001-03-01)
856    $u http://www.sgdl.org/la-documentation/les-dossiers $e 2010-01-20 $u http://asp.ricochet-jeunes.org $e ), 2001-03-01
999    $a FRBNF133313733 $b 13331373
152    $b NP

