01307cx  a2200301   4500
001 48151
003 http://catalogue.bnf.fr/ark:/12148/cb11926549f
005 20240512072217.0
010    $a 0000000109186399 $2 VIAF $d 20130724
033    $a http://catalogue.bnf.fr/ark:/12148/cb11926549f
035    $a FRBNF119265490
039    $o OPL $a 001410575
039    $o OPP $a 14037401 $d 20140526
100    $a 19820625afrey50      ba0
101    $a fre
102    $a FR
103    $a  19380731           
105    $a a
106    $a 1  
120    $a b
200    $7 ba0yba0y $8 fre    $9  0  $a Thomasset $b Claude $f 1938-....
300 0  $a Docteur ès lettres (Paris IV, 1978). - Professeur à l'Université de Paris IV (depuis 1979)
400    $7 ba0yba0y $8 fre    $9     $a Thomasset $b Claude Alexandre $f 1938-....
801    $a FR $b FR-751131015 $c 20140526
810    $a Placides et Timéo ou li Secrés as philosophes / éd. critique ... par Claude Alexandre Thomasset, 1980 $a Pour lire l'ancien français / Claude Thomasset, Karin Ueltschi, 1993
810    $a Par les mots et les textes : mélanges de langue, de littérature et d'histoire des sciences médiévales offerts à Claude Thomasset / études réunies par Danielle Jacquart, Danièle James-Raoul et Olivier Soutet, 2005
999    $a FRBNF119265490 $b 11926549
152    $b NP

