01079cx  a2200277   4500
001 48394
003 http://catalogue.bnf.fr/ark:/12148/cb13175095x
005 20240506033254.0
010    $a 0000000053786204 $2 ISNI $d 20160215
033    $a http://catalogue.bnf.fr/ark:/12148/cb13175095x
035    $a FRBNF131750951
039    $o OPL $a 013549255
100    $a 19971118afrey50      ba0
101    $a bam $a fre
102    $a ML
103    $a  1960               
105    $a a
106    $a 1  
120    $a b
152    $c 2 $b NP
200    $7 ba0yba0y $8 fre    $9  0  $a Diarra $b Ousmane $f 1960-....
300 0  $a Romancier. - Bibliothécaire au Centre culturel français de Bamako (en 2012)
400    $7 ba0yba0y $8 fre    $9     $a Jara $b Usumani $f 1960-....
801    $a FR $b FR-751131015 $c 20120816
810    $a Baganw ka minnogolamine taamajan / gafe sebenbaga, Usumani Jara ; jaw dilanbaga, Yakuba Jara, 1997 $a Contes croisés / Éric Chevillard, Ousmane Diarra, les enfants et les jeunes de Quétigny, 2003 $a Vieux lézard : roman / Ousmane Diarra, impr. 2006
999    $a FRBNF131750951 $b 13175095

