02546cx  a2200505   4500
001 48612
003 http://catalogue.bnf.fr/ark:/12148/cb119442575
005 20240514064859.0
033    $a http://catalogue.bnf.fr/ark:/12148/cb119442575
035    $a FRBNF119442574
039    $o OPL $a 001686303
100    $a 19820405afrey50      ba0
106    $a 211
152    $b SNC $c 2
159    $a rameau
250    $7 ba0yba0y $8 fre    $9     $a Plantes comestibles
450    $7 ba0yba0y $8 fre    $9     $a Aliments d'origine végétale
450    $7 ba0yba0y $8 fre    $9     $a Aliments végétaux
450    $7 ba0yba0y $8 fre    $9     $a Plantes (aliments)
450    $7 ba0yba0y $8 fre    $9     $a Plantes alimentaires
450    $7 ba0yba0y $8 fre    $9     $a Plantes herbacées comestibles
550    $5 h $3 11964887 $7 ba0yba0y $8 fre    $9     $a Algues (aliment)
550    $5 h $3 17702001 $7 ba0yba0y $8 fre    $9     $a Céréales (aliment)
550    $5 h $3 12090409 $7 ba0yba0y $8 fre    $9     $a Protéagineux
550    $5 h $3 12306351 $7 ba0yba0y $8 fre    $9     $a Racines comestibles
550    $5 h $3 11971232 $7 ba0yba0y $8 fre    $9     $a Fruits
550    $5 h $3 12314072 $7 ba0yba0y $8 fre    $9     $a Graines germées (aliments)
550    $5 h $3 11935560 $7 ba0yba0y $8 fre    $9     $a Légumes
550    $5 h $3 11938307 $7 ba0yba0y $8 fre    $9     $a Oléagineux
550    $5 h $3 11936440 $7 ba0yba0y $8 fre    $9     $a Plantes aromatiques
550    $5 h $3 12366115 $7 ba0yba0y $8 fre    $9     $a Plantes condimentaires
550    $5 h $3 11965457 $7 ba0yba0y $8 fre    $9     $a Plantes sauvages comestibles
550    $5 h $3 12411600 $7 ba0yba0y $8 fre    $9     $a Plantes vivrières
550    $5 g $3 11964747 $7 ba0yba0y $8 fre    $9     $a Aliments
550    $5 g $3 11974598 $7 ba0yba0y $8 fre    $9     $a Plantes utiles
686    $a 580 $c Botanique $2 Note de regroupement par domaine
686    $a 630 $c Agriculture, élevage $2 Note de regroupement par domaine
686    $a 640 $c Economie domestique, hôtellerie $2 Note de regroupement par domaine
801    $a FR $b FR-751131015 $c 20171229
810    $a Grand Robert de la langue française, 2001 (art. : Plante) $a Encycl. universalis (art. : Alimentation (Aliments) - Classification et typologie) : plantes herbacées comestibles - http://www.universalis-edu.com (2018-01-02)
810    $a Dict. des plantes comestibles / L. Bubenicek, 2001
822 12 $a Plants, Edible $2 LCSH $u http://id.loc.gov/authorities/subjects/sh85102891 $d 2017-02-09
822 12 $a Plantes comestibles $2 RVMLaval $d 2018-01-02
856    $u http://www.universalis-edu.com $e 2018-01-02
999    $a FRBNF119442574 $b 11944257

