01201cx  a2200301   4500
001 48841
003 http://catalogue.bnf.fr/ark:/12148/cb12103807z
005 20240517030849.0
033    $a http://catalogue.bnf.fr/ark:/12148/cb12103807z
035    $a FRBNF121038076
039    $o OPL $a 004431578
100    $a 19890214afrey50      ba0
106    $a 210
152    $b SNG $c 2
159    $a rameau
250    $7 ba0yba0y $8 fre    $9     $a Civilisation $y Vietnam
415    $7 ba0yba0y $8 fre    $9     $a Vietnam $x Civilisation
450    $7 ba0yba0y $8 fre    $9     $a Civilisation vietnamienne
550    $5 z $0 Voir aussi $3 11933787 $7 ba0yba0y $8 fre    $9     $a Vietnam
550    $5 h $3 16541932 $7 ba0yba0y $8 fre    $9     $a Bát âm
550    $5 h $3 11998147 $7 ba0yba0y $8 fre    $9     $a Cuisine vietnamienne
550    $5 h $3 12377240 $7 ba0yba0y $8 fre    $9     $a Littérature $y Vietnam
550    $5 h $3 16573733 $7 ba0yba0y $8 fre    $9     $a Art $y Vietnam
580  0 $5 h $3 16714532 $7 ba0yba0y $8 frevie $9     $a Ca trù
686    $a 950 $2 Note de regroupement par domaine
801    $a FR $b FR-751131015 $c 20160128
822 12 $a Vietnam--Civilization $2 LCSH $u http://id.loc.gov/authorities/subjects/sh85143243 $d 2017-02-09
999    $a FRBNF121038076 $b 12103807

