00804cx  a2200241   4500
001 49062
003 http://catalogue.bnf.fr/ark:/12148/cb137416862
005 20240507072540.0
010    $a 0000000060066213 $2 VIAF $d 20130731
033    $a http://catalogue.bnf.fr/ark:/12148/cb137416862
035    $a FRBNF137416862
039    $o OPL $a 015639121
100    $a 20010824afrey50      ba0
101    $a ita
102    $a IT
105    $a a
106    $a 1  
152    $c 2 $b NP
200    $7 ba0yba0y $8 fre    $9  0  $a Macchiavelli $b Mariarita
300 0  $a Costumière de théâtre et journaliste de mode. - Auteur de nombreux ouvrages sur "les découpages, la mosaïque, le carton-pâte etc..."
801    $a FR $b FR-751131015 $c 20011129
810    $a Body art / Mariarita Macchiavelli, 2001
999    $a FRBNF137416862 $b 13741686

