00857cx  a2200277   4500
001 49241
003 http://catalogue.bnf.fr/ark:/12148/cb135237684
005 20240511071506.0
010    $a 0000000063095191 $2 VIAF $d 20130730
033    $a http://catalogue.bnf.fr/ark:/12148/cb135237684
035    $a FRBNF135237686
039    $o OPL $a 014406705
039    $o OPP $a 16820463 $d 20221108
100    $a 19990511afrey50      ba0
101    $a eng
102    $a GB
103    $a  19..               
105    $a a
106    $a 1  
120    $a a
152    $c 2 $b NP
200    $7 ba0yba0y $8 fre    $9  0  $a Sharkey $b Niamh
300 0  $a Illustratrice d'ouvrages pour la jeunesse
801    $a FR $b FR-751131015 $c 20221108
810    $a Le gros navet / Alexis Tolstoï & Niamh Sharkey, 1999 [mention d'ill. au cop. de l'éd. anglaise p. [2]
999    $a FRBNF135237686 $b 13523768

