00918cx  a2200265   4500
001 49438
003 http://catalogue.bnf.fr/ark:/12148/cb141565431
005 20240517074946.0
010    $a 0000000121291386 $2 VIAF $d 20130801
033    $a http://catalogue.bnf.fr/ark:/12148/cb141565431
035    $a FRBNF141565431
100    $a 20030310afrey50      ba0
102    $a AU
103    $a  19690514           
105    $a a $a i $a p
106    $a 010
120    $a a
152    $c 2 $b NP
200    $7 ba0yba0y $8 fre    $9  0  $a Blanchett $b Cate $f 1969-....
300    $a Actrice
801    $a FR $b FR-751131015 $c 20220104
810    $a Aviator [Images animées] / Martin Scorsese, réal. ; [...] Leonardo DiCaprio, Cate Blanchett, Kate Beckinsale... [et al.], act., [2006]
810    $a IMDB - http://www.imdb.com/name/nm0000949 (2006-06-22)
856    $u http://www.imdb.com/name/nm0000949/ $e 2006-06-22
999    $a FRBNF141565431 $b 14156543

