01216cx  a2200289   4500
001 49633
003 http://catalogue.bnf.fr/ark:/12148/cb135326513
005 20240507023639.0
010    $a 0000000115915674 $2 VIAF $d 20130730
033    $a http://catalogue.bnf.fr/ark:/12148/cb135326513
035    $a FRBNF135326512
039    $o OPL $a 014647923
100    $a 19991028afrey50      ba0
101    $a eng
102    $a GB
103    $a  19650220           
105    $a a
106    $a 1  
120    $a b
152    $c 2 $b NP
200    $7 ba0yba0y $8 fre    $9  0  $a Hensher $b Philip $f 1965-....
300 0  $a Romancier. - Professeur d'écriture littéraire et créative, Bath Spa university, GB (en 2016). - Critique littéraire, collaborateur du journal "The Independant" (en 2008)
801    $a FR $b FR-751131015 $c 20160525
810    $a La ville derrière le mur / Philip Hensher ; traduit de l'anglais par Hugues de Giorgis, 1999 $a Tales of persuasion / Philip Hensher, 2016
810    $a British library - http://blpc.bl.uk (2008-06-20) $a Contemporary authors - http://infotrac.galegroup.com (2008-06-20)
856    $u http://blpc.bl.uk $e 2008-06-20 $u http://infotrac.galegroup.com $e 2008-06-20
999    $a FRBNF135326512 $b 13532651

