01066cx  a2200289   4500
001 49794
003 http://catalogue.bnf.fr/ark:/12148/cb12335678c
005 20240514044924.0
010    $a 0000000000449124 $2 ISNI $d 20150312
033    $a http://catalogue.bnf.fr/ark:/12148/cb12335678c
035    $a FRBNF123356782
039    $o OPL $a 00926847X
100    $a 19930928afrey50      ba0
101    $a fre
102    $a FR
103    $a  19401002  20050802 
105    $a a
106    $a 1  
120    $a a
200    $7 ba0yba0y $8 fre    $9  0  $a Dayot $b Liliane $f 1940-2005
300 0  $a Docteur ès-sciences de l'éducation (Paris 8, 1987). - Enseignante-chercheuse. - Conseillère régionale d'Ile-de-France
400    $7 ba0yba0y $8 fre    $9     $a Bourdier $b Liliane $f 1940-2005
801    $a FR $b FR-751131015 $c 20050805
810    $a Globalisation et projet social : pratiques différentes à l'école élémentaire, Vitruve, Paris 20e / Liliane Dayot, 1988 [thèse]
810    $a Libération, 2005-08-05 (faire-part de décès)
999    $a FRBNF123356782 $b 12335678
152    $b NP

