01279cx  a2200301   4500
001 49967
003 http://catalogue.bnf.fr/ark:/12148/cb119827180
005 20240517022415.0
033    $a http://catalogue.bnf.fr/ark:/12148/cb119827180
035    $a FRBNF119827189
039    $o OPL $a 00220990X
100    $a 19850708afrey50      ba0
106    $a 211
152    $b SNC $c 2
159    $a rameau
250    $7 ba0yba0y $8 fre    $9     $a Classes (éducation) $x Conduite
450    $7 ba0yba0y $8 fre    $9     $a Classes (éducation) $x Animation
450    $7 ba0yba0y $8 fre    $9     $a Classes (éducation) $x Organisation
450    $7 ba0yba0y $8 fre    $9     $a Conduite de la classe
450    $7 ba0yba0y $8 fre    $9     $a Gestion de la classe
550    $5 z $0 Voir aussi $3 18024967 $7 ba0yba0y $8 fre    $9     $a Rituels $x éducation
550    $5 z $0 Voir aussi $3 15127014 $7 ba0yba0y $8 fre    $9     $a Environnement éducatif
550    $5 g $3 11934463 $7 ba0yba0y $8 fre    $9     $a Enseignement
686    $a 370 $c Education et enseignement $2 Note de regroupement par domaine
801    $a FR $b FR-751131015 $c 20210722
822 12 $a Classes (éducation) -- Conduite $2 RVMLaval $d 2021-04-07
822 12 $a Classroom management $2 LCSH $u http://id.loc.gov/authorities/subjects/sh85026819 $d 2021-04-07
999    $a FRBNF119827189 $b 11982718

