00935cx  a2200277   4500
001 50153
003 http://catalogue.bnf.fr/ark:/12148/cb12110573d
005 20230710070101.0
010    $a 0000000078308751 $2 VIAF $d 20130725
033    $a http://catalogue.bnf.fr/ark:/12148/cb12110573d
035    $a FRBNF121105735
039    $o OPL $a 004526802
100    $a 19890421afrey50      ba0
101    $a fre
102    $a FR
103    $a  19630524           
105    $a a $a p
106    $a 1  
120    $a b
200    $7 ba0yba0y $8 fre    $9  0  $a Beccaria $b Laurent $f 1963-....
300 0  $a Diplômé de l'Institut d'études politiques de Paris. - Éditeur chez Plon (en 1993), chez Stock (en 1995). - Fondateur des éditions Les Arènes (en 1997)
801    $a FR $b FR-751131015 $c 20230601
810    $a Hélie de Saint-Marc / L. Beccaria, 1988
810    $a Libération, 2010-04-01, [portrait]
999    $a FRBNF121105735 $b 12110573
152    $b NP

