01034cx  a2200265   4500
001 50327
003 http://catalogue.bnf.fr/ark:/12148/cb12139409m
005 20240507031402.0
010    $a 0000000122838515 $2 VIAF $d 20130725
033    $a http://catalogue.bnf.fr/ark:/12148/cb12139409m
035    $a FRBNF121394097
039    $o OPL $a 004941392
100    $a 19900220afrey50      ba0
101    $a fre
102    $a FR
103    $a  19640622           
105    $a a
106    $a 1  
200    $7 ba0yba0y $8 fre    $9  0  $a Poulet $b Philippe $f 1964-....
300 0  $a Journaliste. - Reporter-photographe. - Spécialiste des sports extrêmes
801    $a FR $b FR-751131015 $c 19951211
810    $a Le saut en élastique / textes de Jean-Marc Porte ; photogr. de Philippe Poulet ; préf. d'Alain Prieur, 1991 $a Le Massif des Écrins / Philippe Poulet, Pascal Sombardier, 1992
810    $a Encycl. des auteurs du pays montluçonnais et de leurs oeuvres (de 1440 à 1994) / Maurice Malleret, 1994
999    $a FRBNF121394097 $b 12139409
152    $b NP

