00917cx  a2200277   4500
001 50505
003 http://catalogue.bnf.fr/ark:/12148/cb14013459d
005 20240519040733.0
010    $a 0000000078394776 $2 ISNI $d 20131217
033    $a http://catalogue.bnf.fr/ark:/12148/cb14013459d
035    $a FRBNF140134595
100    $a 19980911afrey50      ba0
102    $a DZ
103    $a  19470309  20210122 
105    $a i
106    $a 010
120    $a b
152    $c 2 $b NP
200    $7 ba0yba0y $8 fre    $9  0  $a Guem $f 1947-2021
300    $a Compositeur-interprète. - Percussionniste de variétés. - Danseur
301    $a Batna (Algérie) $b Paris (15e)
801    $a FR $b FR-751131015 $c 20240409
810    $a Rhythm'n'ball / Guem. Chant du monde 2741101
810    $a IMDb - https://www.imdb.com/name/nm1024432 (2021-01-29)
856    $u https://www.imdb.com/name/nm1024432/ $e 2021-01-29
999    $a FRBNF140134595 $b 14013459

