00709nx  a2200253   4500
001 50647
003 http://catalogue.bnf.fr/ark:/12148/cb12353790f
005 20240512073244.0
010    $a 0000000121365314 $2 VIAF $d 20130726
033    $a http://catalogue.bnf.fr/ark:/12148/cb12353790f
035    $a FRBNF123537900
039    $o OPL $a 009496373
100    $a 19931208afrey50      ba0
101    $a fre
102    $a FR
103    $a  1945               
105    $a a
106    $a 1  
200    $7 ba0yba0y $8 fre    $9  0  $a Chevron $b Michel $f 1945-....
300 0  $a Romancier
801    $a FR $b FR-751131015 $c 19931208
810    $a Fille de sang / Michel Chevron, 1993
999    $a FRBNF123537900 $b 12353790
152    $b NP

