02225cx  a2200409   4500
001 50804
003 http://catalogue.bnf.fr/ark:/12148/cb119238753
005 20240512073342.0
010    $a 0000000121363650 $2 ISNI $d 20170818
033    $a http://catalogue.bnf.fr/ark:/12148/cb119238753
035    $a FRBNF119238753
039    $o OPL $a 008033536 $z AMA
039    $o OPL $a 001335959 $z APP
039    $o OPP $a 14337384 $d 20240415
100    $a 19830429afrey50      ba0
101    $a eng
102    $a FR
103    $a  17670105  18321114  $b  1796  1797 
105    $a a $c l $d a
106    $a 010
120    $a b
200    $7 ba0yba0y $8 fre    $9  0  $a Say $b Jean-Baptiste $f 1767-1832
300    $a Économiste et éditeur. - Professeur d'économie politique au Conservatoire des arts et métiers et au Collège de France. - Fondateur-directeur de la "Décade philosophique, politique et littéraire" (1794) et collaborateur du "Courrier de Provence" (1789) publié par Mirabeau
301    $a Lyon (Rhône) $b Paris (France)
341    $a Paris $b 1796-1797 $c Rue Thérèse, butte des Moulins
400    $7 ba0yba0y $8 fre    $9     $a Say $b Jean-Batiste $f 1767-1832
400    $7 ba0yba0y $8 frespa $9     $a Say $b Juan Bautista $f 1767-1832
400    $7 ba0yba0y $8 freita $9     $a Say $b Giovanni Battista $f 1767-1832
400    $5 e $7 ba0yba0y $8 fre    $9     $a S $d étoiles 02 $b M. $f 1767-1832
801    $a FR $b FR-751131015 $c 20240415
810    $a Olbie ou Essai sur les moyens de réformer les mœurs / Jean-Baptiste Say, 1985 $a Catecismo de economia politica / por Juan-Bautista Say, 1822 $a Giovanni-Battista Say. Trattato d'economia politica, 1854 $a De la liberté de la presse / par M. S**, 1789 $a Traité d'économie politique, ou Simple exposition de la manière dont se forment, se distribuent et se consomment les richesses / par Jean-Batiste Say, 1803
810    $a Larousse 19 s. $a Les grands auteurs de l'économie / Gilles Jacoud, Éric Tournier, 1998 $a Archives de Paris (France). État civil reconstitué de Paris : décès le 1832-11-14 - http://archives.paris.fr (2024-04-15)
810    $a BN Cat. gén.
815    $a Delalain, Paris, 1789-1813
856    $u http://archives.paris.fr $e 2024-04-15
999    $a FRBNF119238753 $b 11923875
152    $b NP

