00714cx  a2200241   4500
001 50986
003 http://catalogue.bnf.fr/ark:/12148/cb146472286
005 20240513022942.0
010    $a 0000000000894367 $2 ISNI $d 20150312
033    $a http://catalogue.bnf.fr/ark:/12148/cb146472286
035    $a FRBNF146472283
100    $a 20050726afrey50      ba0
101    $a fre
102    $a FR
103    $a  19..               
105    $a a
106    $a 1  
120    $a b
200    $7 ba0yba0y $8 fre    $9  0  $a Brizard $b Patrice
801    $a FR $b FR-751131015 $c 20050728
810    $a Les droits de l'enfant expliqués aux 7-11 ans / Michel Pellaton, Patrice Brizard, DL 1999
999    $a FRBNF146472283 $b 14647228
152    $b NP

