01031cx  a2200265   4500
001 51177
003 http://catalogue.bnf.fr/ark:/12148/cb122188186
005 20240512073903.0
010    $a 0000000001922737 $2 VIAF $d 20130725
033    $a http://catalogue.bnf.fr/ark:/12148/cb122188186
035    $a FRBNF122188189
039    $o OPL $a 007750104
100    $a 19910919afrey50      ba0
101    $a fre $t eng
102    $a FR
103    $a  19..               
105    $a a
106    $a 1  
120    $a b
200    $7 ba0yba0y $8 fre    $9  0  $a Hommet $b Jean-Marie
300 0  $a Maître de conférences à l'Université de Rouen. - Membre du Centre de recherches et d'analyses bancaires et boursières, CRABB (en 1991)
801    $a FR $b FR-751131015 $c 20080707
810    $a Le système bancaire français / Jean-Marie Hommet, 1991 $a Analyse microéconomique / Hal R. Varian ; [traduction de la 3e édition américaine] par Jean-Marie Hommet, révision scientifique par Bernard Thiry, 2008
999    $a FRBNF122188189 $b 12218818
152    $b NP

