00751nx  a2200229   4500
001 51565
003 http://catalogue.bnf.fr/ark:/12148/cb13488597f
005 20240512074448.0
033    $a http://catalogue.bnf.fr/ark:/12148/cb13488597f
035    $a FRBNF134885979
039    $o OPL $a 014156664
100    $a 19980504afrey50      ba0
101    $a ita
102    $a IT
105    $a a
106    $a 1  
152    $c 2 $b NP
200    $7 ba0yba0y $8 fre    $9  0  $a Cocchi $b Maurizio
801    $a FR $b FR-751131015 $c 19980504
810    $a Murano '900 : vetri e vetrai / Franco Deboni ; pref. di Reino Liefkes ; contributi di Simona e Maurizio Cocchi ; [trad. in inglese Carlo Corsi], 1996
810    $a Bibliogr., Italie (CD), 1997-12
999    $a FRBNF134885979 $b 13488597

