00785cx  a2200253   4500
001 51762
003 http://catalogue.bnf.fr/ark:/12148/cb13595737s
005 20240514045446.0
010    $a 0000000038396988 $2 VIAF $d 20130731
033    $a http://catalogue.bnf.fr/ark:/12148/cb13595737s
035    $a FRBNF135957374
039    $o OPL $a 014940043
100    $a 20000518afrey50      ba0
101    $a fre
102    $a FR
103    $a  19630829           
105    $a a
106    $a 1  
200    $7 ba0yba0y $8 fre    $9  0  $a Pons $b Sophie $f 1963-....
300 0  $a Journaliste à l'Agence France Presse (en 2001)
801    $a FR $b FR-751131015 $c 20010220
810    $a Apartheid, l'aveu et le pardon / Sophie Pons ; [postf. de Desmond Tutu], 2000
999    $a FRBNF135957374 $b 13595737
152    $b NP

