01313cx  a2200313   4500
001 51959
003 http://catalogue.bnf.fr/ark:/12148/cb121705860
005 20240514045455.0
010    $a 0000000121303658 $2 VIAF $d 20130725
033    $a http://catalogue.bnf.fr/ark:/12148/cb121705860
035    $a FRBNF121705865
039    $o OPL $a 005552682
100    $a 19901123afrey50      ba0
101    $a fre
102    $a FR
103    $a  18530108  19320407 
105    $a a $a p
106    $a 1  
120    $a b
200    $7 ba0yba0y $8 fre    $9  0  $a Martha $b Jules $f 1853-1932
300 0  $a A aussi traduit du latin en français
300 0  $a Latiniste. - Agrégé de lettres, membre de l'École française de Rome et de l'École française d'Athènes
801    $a FR $b FR-751131015 $c 20120308
810    $a Des termes extrêmes des biens et des maux. 1 / Cicéron ; texte établi et trad. par Jules Martha, 1990
810    $a BnF, Paris, Département de l'Audiovisuel. [Fonds des Archives de la Parole. Enregistrements à la Sorbonne sous la direction de Ferdinand Brunot] (1911-1914)
810    $a Annu. des membres 1873-1975 / École française de Rome, 1975 $a Dictionnaire biographique d'archéologie : 1798-1945 / Éve Gran-Aymerich, 2001
810    $a BN Cat. gén.
999    $a FRBNF121705865 $b 12170586
152    $b NP

