01136cx  a2200289   4500
001 52160
003 http://catalogue.bnf.fr/ark:/12148/cb14187716j
005 20240512075132.0
010    $a 000000007731800X $2 VIAF $d 20130801
033    $a http://catalogue.bnf.fr/ark:/12148/cb14187716j
035    $a FRBNF141877160
100    $a 20030310afrey50      ba0
102    $a CH
103    $a  19..               
105    $a i
106    $a 1  
120    $a a
152    $c 2 $b NP
200    $7 ba0yba0y $8 fre    $9  0  $a Homburger $b Maya
300 0  $a Violoniste. - Joue sur un violon baroque. - Fondatrice de la marque Maya records
301    $a Zurich
510    $5 xxxk $0 Membre de :  $3 15610626 $7 ba0yba0y $8 fre    $9 20  $a The Dowland project
801    $a FR $b FR-751131015 $c 20060322
810    $a Folio [Enregistrement sonore] / Barry Guy, comp. ; Maya Homburger, vl baroque ; Muriel Cantoreggi, vl... [et al.] ; Christoph Poppen, dir. ECM New Series 476 3053
810    $a Maya - http://www.mayarecordings.com/biographies/maya (2006-03-22)
856    $u http://www.mayarecordings.com/biographies/maya/ $e 2006-03-22
999    $a FRBNF141877160 $b 14187716

