01507cx  a2200385   4500
001 52327
003 http://catalogue.bnf.fr/ark:/12148/cb13603935g
005 20240512075232.0
010    $a 000000000114930X $2 VIAF $d 20130731
033    $a http://catalogue.bnf.fr/ark:/12148/cb13603935g
035    $a FRBNF136039351
039    $o OPL $a 015302734
039    $o OPP $a 11786911 $d 20170927
039    $o OPP $a 11439285 $d 20171212
039    $o OPP $a 10808441 $d 20171212
039    $o OPP $a 10204580 $d 20171212
100    $a 20010124afrey50      ba0
101    $a fre
102    $a FR
103    $a  18890120  19751016 
105    $a a
106    $a 010
120    $a b
200    $7 ba0yba0y $8 fre    $9  0  $a Odin $b Jean $f 1889-1975
300    $a Avocat au barreau de Bordeaux puis de Paris. - Député (5e circoncription de Bordeaux, 1928-1932) puis sénateur (1933-1941) de la Gironde. - Vote contre à la délégation de pouvoirs au maréchal Pétain (10 juillet 1940)
301    $a Bordeaux (Gironde) $b Bordeaux (Gironde)
686    $a 320 $c Sciences politiques $2 Note de regroupement par domaine
686    $a 944 $c Histoire de la France (depuis 486) $2 Note de regroupement par domaine
801    $a FR $b FR-751131015 $c 20171212
810    $a Jean Odin - http://www2.assemblee-nationale.fr (2017-12-12)
810    $a Les Quatre-vingts / Jean Odin, 1997
810    $a BN Cat. gén. $a BN Cat. gén. suppl.
856    $u http://www2.assemblee-nationale.fr $e 2017-12-12
999    $a FRBNF136039351 $b 13603935
152    $b NP

