01346cx  a2200301   4500
001 52508
003 http://catalogue.bnf.fr/ark:/12148/cb11918937t
005 20240512075719.0
010    $a 0000000108684564 $2 ISNI $d 20150313
033    $a http://catalogue.bnf.fr/ark:/12148/cb11918937t
035    $a FRBNF119189377
039    $o OPL $a 00120276X
100    $a 19741213afrey50      ba0
101    $a fre
102    $a FR
103    $a  18981125  19960527 
105    $a a
106    $a 1  
120    $a b
200    $7 ba0yba0y $8 fre    $9  0  $a Peillard $b Léonce $f 1898-1996
300 0  $a Diplômé de l'École des hautes études commerciales. Homme de lettres. Membre de l'Académie de marine (1965). - Directeur de "Biblio-Hachette" (1940-1966) et de "Livres de France" (1942-1967)
301    $a Toulon (Var) $b Nice (Alpes-Maritimes)
801    $a FR $b FR-751131015 $c 20230906
810    $a Relation du premier voyage autour du monde de Magellan / A. Pigafetta ; introd., postf. et notes par L. Peillard. Nouv. éd., 1991
810    $a WW, France 1988/1989 : Peillard (Léonce, Sylvain) $a WW, France 2000 (liste des personalités décédées) $a match ID : Peillard, Léonce Sylvain - https://deces.matchid.io/id/5TX7RqeuyQGP (2023-09-06)
856    $u https://deces.matchid.io/id/5TX7RqeuyQGP $e 2023-09-06
999    $a FRBNF119189377 $b 11918937
152    $b NP

