02300cx  a2200421   4500
001 52697
003 http://catalogue.bnf.fr/ark:/12148/cb11936102w
005 20240512075758.0
033    $a http://catalogue.bnf.fr/ark:/12148/cb11936102w
035    $a FRBNF119361026
039    $o OPL $a 001577916
100    $a 19810710afrey50      ba0
106    $a 211
152    $b SNC $c 2
159    $a rameau
250    $7 ba0yba0y $8 fre    $9     $a Chimie organique
305 1  $a Voir aussi aux classes de composés organiques, par ex. Esters ; et aux substances organiques
330    $a Sous cette vedette, on trouve les documents généraux sur la chimie organique, même s'ils portent le titre de composés du carbone. Les documents sur les groupes particuliers de composés du carbone et leurs réactions se trouvent sous Carbone -- Composés
550    $5 z $0 Voir aussi $3 11977612 $7 ba0yba0y $8 fre    $9     $a Stéréochimie
550    $5 z $0 Voir aussi $3 11976417 $7 ba0yba0y $8 fre    $9     $a Carbone
550    $5 h $3 11931187 $7 ba0yba0y $8 fre    $9     $a Synthèse organique
550    $5 h $3 11979632 $7 ba0yba0y $8 fre    $9     $a Carbone $x Composés
550    $5 h $3 13195399 $7 ba0yba0y $8 fre    $9     $a Chimie des composés hétérocycliques
550    $5 h $3 13508997 $7 ba0yba0y $8 fre    $9     $a Chimie de l'état solide organique
550    $5 h $3 11978739 $7 ba0yba0y $8 fre    $9     $a Chimie organique physique
550    $5 h $3 12128919 $7 ba0yba0y $8 fre    $9     $a Composés organométalliques
550    $5 h $3 12153981 $7 ba0yba0y $8 fre    $9     $a Bases organiques
550    $5 h $3 12267994 $7 ba0yba0y $8 fre    $9     $a Racémisation
550    $5 h $3 12277231 $7 ba0yba0y $8 fre    $9     $a Groupes caractéristiques (chimie)
550    $5 h $3 12276786 $7 ba0yba0y $8 fre    $9     $a Chimie organométallique
550    $5 h $3 12571471 $7 ba0yba0y $8 fre    $9     $a Chimie combinatoire
550    $5 h $3 13191454 $7 ba0yba0y $8 fre    $9     $a Réactions chimiques organiques $x Mécanismes
550    $5 g $3 11970465 $7 ba0yba0y $8 fre    $9     $a Chimie
686    $a 540 $c Chimie, minéralogie, cristallographie $2 Note de regroupement par domaine
801    $a FR $b FR-751131015 $c 20011228
822 12 $a Chimie organique $2 RVMLaval $d 2001-12-28
822 1  $a Chemistry, Organic $2 LCSH $u http://id.loc.gov/authorities/subjects/sh85023022 $d 2017-02-09
999    $a FRBNF119361026 $b 11936102

