01277cx  a2200325   4500
001 52849
003 http://catalogue.bnf.fr/ark:/12148/cb12646256x
005 20240513020148.0
010    $a 0000000114939375 $2 VIAF $d 20130729
033    $a http://catalogue.bnf.fr/ark:/12148/cb12646256x
035    $a FRBNF12646256X
039    $o OPL $a 001482311
039    $o OPP $a 14655497 $d 20080110
039    $o OPP $a 11480799 $d 20080110
039    $o OPP $a 14866873 $d 20080110
100    $a 19770502afrey50      ba0
101    $a fre
102    $a FR
103    $a  19291101  20210305 
105    $a a
106    $a 010
120    $a b
200    $7 ba0yba0y $8 fre    $9  0  $a Westphal $b Éric $f 1929-2021
300    $a Journaliste, critique littéraire, auteur dramatique. - Haut fonctionnaire. - Inspecteur général des spectacles (1981-1991)
301    $a Montpellier (Hérault) $b Paris (France)
801    $a FR $b FR-751131015 $c 20210323
810    $a Toi et tes nuages ; suivi de Pollufission 2000 ; et de Mozartement vôtre / Éric Westphal, 1988 $a BnF, Paris, département des Arts du spectacle. COL-260 [Fonds Éric Wetphal]
810    $a Répertoire du théâtre contemporain de langue française / Claude Confortès, 2000 $a Monde, 2021-03-11
999    $a FRBNF12646256X $b 12646256
152    $b NP

