01046cx  a2200289   4500
001 53021
003 http://catalogue.bnf.fr/ark:/12148/cb115070465
005 20240513020252.0
010    $a 0000000395432297 $2 ISNI $d 20160215
033    $a http://catalogue.bnf.fr/ark:/12148/cb115070465
035    $a FRBNF115070468
039    $o OPP $a 11082476 $d 20180131
100    $a 19970701afrey50      ba0
101    $a fre
102    $a FR
103    $a  19160414  19970820 
105    $a a
106    $a 1  
120    $a a
200    $7 ba0yba0y $8 fre    $9  0  $a Quereuil $b Andrée $f 1916-1997
300 0  $a Agrégée de lettres modernes. - Ancienne élève de l'École normale supérieure de Fontenay
301    $a Clermont-Ferrand (Puy-de-Dôme) $b Villeneuve-Saint-Georges (Val-de-Marne)
801    $a FR $b FR-751131015 $c 20190429
810    $a Clo / Andrée Quereuil, 1957
810    $a Le Monde, 1997-08-23 $a État civil de Villeneuve-Saint-Georges (Val-de-Marne). Décès, 21/08/1997, n° 384 : Marchand, Andrée
999    $a FRBNF115070468 $b 11507046
152    $b NP

