01293cx  a2200277   4500
001 53356
005 20160120010722.0
009 http://catalogue.bnf.fr/ark:/12148/cb11914537r
039    $o OPL $a 001081610
100    $a 19810626afrey50      ba0
101    $a fre
102    $a FR
103    $a  19270223  20050912 
105    $a a
106    $a 1  
120    $a b
152    $a AFNOR Z 44-061 $b NP
200    $7 ba0yba0y $8 fre    $9  0  $a Maric $b Raymond $f 1927-2005
300 0  $a Pseudonyme de Chiavarino, Raymond. - Dessinateur, journalise et scénariste de bandes dessinées. - A débuté sous le pseudonyme "Chiav"
400    $5 e $7 ba0yba0y $8 fre    $9     $a Maric $f 1927-2005
400    $5 e $7 ba0yba0y $8 fre    $9     $a Chiav $f 1927-2005
400    $7 ba0yba0y $8 fre    $9     $a Chiavarino $b Raymond $f 1927-2005
801    $a FR $b FR-751131015 $c 20050914
810    $a Aïda : de Giuseppe Verdi / dessins, Pierre Frisano ; adapt., Raymond Maric ; d'après le livret original de Antonio Ghislanzoni, 1985 $a Le Cobaye / dessins, Marcello, scénario, Maric, 1988 $a La petite Thérèse de Lisieux / auteur, Raymond Maric ; dessinateur, Pierre Frisano, 1996 $a Les hommes sans visage / Maric ; [dessins de] Marcello, 2002
810    $a Dict. de la bande dessinée / Henri Filippini, 1989 $a Monde, 2005-09-15
999    $a 11914537

