00990cx  a2200289   4500
001 53562
003 http://catalogue.bnf.fr/ark:/12148/cb16723738z
005 20240512053323.0
010    $a 0000000420474190 $2 ISNI $d 20160217
033    $a http://catalogue.bnf.fr/ark:/12148/cb16723738z
035    $a FRBNF167237388
100    $a 20131118afrey50      ba0
102    $a XX
103    $a  19850318           
105    $a a
106    $a 1  
120    $a a
152    $c 2 $b NP
200    $7 ba0yba0y $8 fre    $9  0  $a Lee-Diebold $b Minji $f 1985-....
300 0  $a Illustratrice
400    $7 ba0yba0y $8 fre    $9     $a Diebold $b Minji Lee- $f 1985-....
400    $7 ba0yba0y $8 fre    $9     $a Lee $b Minji $f 1985-....
400    $7 ba0yba0d $8 fre    $9     $a I $b Min či $f 1985-....
400    $7 ba0yba0y $8 fre    $9     $a Lee $b Min ji $f 1985-....
801    $a FR $b FR-751131015 $c 20150429
810    $a Grand'tante Tigre / texte de Blanche Chiu ; illustrations de Minji Lee-Diebold,DL 2013
999    $a FRBNF167237388 $b 16723738

