00992cx  a2200301   4500
001 53764
003 http://catalogue.bnf.fr/ark:/12148/cb11888229j
005 20240513044914.0
010    $a 0000000117369259 $2 VIAF $d 20130724
033    $a http://catalogue.bnf.fr/ark:/12148/cb11888229j
035    $a FRBNF11888229X
039    $o OPL $a 000384832
039    $o OPP $a 11466091 $d 20100430
039    $o OPP $a 10930685 $d 20100430
100    $a 19750502afrey50      ba0
101    $a fre
102    $a FR
105    $a a
106    $a 1  
120    $a b
200    $7 ba0yba0y $8 fre    $9  0  $a Ailloud $b Henri
300 0  $a A traduit du latin en français
300 0  $a Latiniste et traducteur. - Agrégé de Lettres
801    $a FR $b FR-751131015 $c 20100430
810    $a Vies des douze Césars / Suétone ; préface de Marcel Benabou ; traduction et notes de Henri Ailloud, 1975
810    $a Dictionnaire universel des traducteurs / Henri Van Hoof, 1993
999    $a FRBNF11888229X $b 11888229
152    $b NP

