01053cx  a2200265   4500
001 53935
003 http://catalogue.bnf.fr/ark:/12148/cb11959089n
005 20240508072618.0
033    $a http://catalogue.bnf.fr/ark:/12148/cb11959089n
035    $a FRBNF119590893
039    $o OPL $a 001885497
100    $a 19831123afrey50      ba0
106    $a 211
152    $b SNC $c 2
159    $a rameau
250    $7 ba0yba0y $8 fre    $9     $a Caractérologie
450    $7 ba0yba0y $8 fre    $9     $a Caractères et caractéristiques
550    $5 z $0 Voir aussi $3 11957919 $7 ba0yba0y $8 fre    $9     $a Types psychologiques
550    $5 z $0 Voir aussi $3 12159619 $7 ba0yba0y $8 fre    $9     $a Physiognomonie
550    $5 g $3 11975256 $7 ba0yba0y $8 fre    $9     $a Caractère
686    $a 150 $c Psychologie, psychanalyse $2 Note de regroupement par domaine
801    $a FR $b FR-751131015 $c 20010521
822 12 $a Caractérologie $2 RVMLaval $d 2001-05-21
822 1  $a Characters and characteristics $2 LCSH $u http://id.loc.gov/authorities/subjects/sh85022623 $d 2017-02-09
999    $a FRBNF119590893 $b 11959089

