01025cx  a2200289   4500
001 54119
003 http://catalogue.bnf.fr/ark:/12148/cb12328936s
005 20240515041634.0
010    $a 0000000073633002 $2 VIAF $d 20130726
033    $a http://catalogue.bnf.fr/ark:/12148/cb12328936s
035    $a FRBNF123289369
039    $o OPL $a 009178470
039    $o OPP $a 15134202 $d 20160511
100    $a 19930825afrey50      ba0
101    $a fre $t eng $t spa $t por
102    $a FR
103    $a  19550623           
105    $a a
106    $a 1  
120    $a a
200    $7 ba0yba0y $8 fre    $9  0  $a Dreyfus $b Véronique $f 1955-....
300 0  $a Traductrice
400    $7 ba0yba0y $8 fre    $9     $a Dreyfus $b Monique $f 1955-....
801    $a FR $b FR-751131015 $c 20160511
810    $a L'astronomie / Stuart Atkinson ; ill. Gary Bines ; trad. de Véronique Dreyfus, 1995 $a La super-méga-machine bringuebalante / Johan De Smet, Martine Decroos ; trad., Monique [i. e. Véronique] Dreyfus, 2002
999    $a FRBNF123289369 $b 12328936
152    $b NP

