00967cx  a2200265   4500
001 54310
003 http://catalogue.bnf.fr/ark:/12148/cb125151480
005 20240513071802.0
010    $a 0000000108932433 $2 VIAF $d 20130729
033    $a http://catalogue.bnf.fr/ark:/12148/cb125151480
035    $a FRBNF125151484
039    $o OPL $a 012565840
100    $a 19960603afrey50      ba0
101    $a fre $t spa
102    $a CA
103    $a  1941               
105    $a a
106    $a 1  
120    $a b
152    $c 2 $b NP
200    $7 ba0yba0y $8 fre    $9  0  $a Côté $b Roch $f 1941-....
300 0  $a Journaliste à Montréal (en 2005)
801    $a FR $b FR-751131015 $c 20070821
810    $a Drogue : la guerre chimérique / Roch Côté, 1996 $a Anton Tchékhov : une vie illustrée / Roch Côté, impr. 2005 $a Histoire de l'Amérique latine et des Caraïbes / José del Pozo ; traduit de l'espagnol par Marc Brunelle et Roch Côté, DL 2006
999    $a FRBNF125151484 $b 12515148

