02348cx  a2200493   4500
001 54475
003 http://catalogue.bnf.fr/ark:/12148/cb11934968j
005 20240516064328.0
010    $a 0000000108624860 $2 VIAF $d 20130724
033    $a http://catalogue.bnf.fr/ark:/12148/cb11934968j
035    $a FRBNF119349682
039    $o OPL $a 00156425X
039    $o OPL $a 001332831
039    $o OPP $a 10512092 $d 20070215
039    $o OPP $a 11189734 $d 20070215
039    $o OPP $a 11703947 $d 20070215
039    $o OPP $a 13223907 $d 20070215
039    $o OPP $a 13223908 $d 20070215
039    $o OPP $a 11554299 $d 20070215
039    $o OPP $a 14023769 $d 20070215
039    $o OPP $a 11923764 $d 20070215
039    $o OPP $a 10979669 $d 20070215
039    $o OPP $a 11811588 $d 20070215
039    $o OPP $a 14385214 $d 20070215
039    $o OPP $a 15485377 $d 20111013
039    $o OPP $a 16422894 $d 20160523
100    $a 19810213afrey50      ba0
101    $a fre
102    $a FR
103    $a  19170101  19800929 
105    $a a
106    $a 010
120    $a b
200    $7 ba0yba0y $8 fre    $9  0  $a Saulnier $b V.-L. $f 1917-1980
300    $a Professeur à la Faculté des lettres de Paris (1949). - Historien, vice-président de la Société des historiens français de l'humanisme. - Membre de la Société historique, archéologique et littéraire de Lyon. - Prénoms complets : Léon, Georges, Jean, Marie, Louis, Verdun
301    $a Rome (Italie) $b Bron (Rhône)
400    $7 ba0yba0y $8 fre    $9     $a Saulnier $b Verdun-Léon $f 1917-1980
801    $a FR $b FR-751131015 $c 20180319
810    $a Lyon et la médecine aux temps de la Renaissance : une dissection de Rabelais célébrée par Étienne Dolet / par V.-L. Saulnier, [s. d.] $a L'Humanisme français et Christophe Plantin / par V. L. Saulnier, 1955
810    $a WW France 1959-1960 : Saulnier (Verdun-Louis) $a Annuaire prosopographique, Comité des travaux historiques et scientifiques : Saulnier (Verdun-Léon), né le 01-01-1916 - http://cths.fr (2012-01-23) $a Verdun-Léon Saulnier / Fernand Robert. In : Bulletin de l'Association Guillaume Budé : Lettres d'humanité, n°39, décembre 1980. pp. 356-358.
810    $a BN Cat. gén. $a BN Cat. gén. suppl. et BN Cat. gén. 1960-1969 : Saulnier (Verdun-L.)
856    $u http://cths.fr $e 2012-01-23
999    $a FRBNF119349682 $b 11934968
152    $b NP

