01116cx  a2200289   4500
001 54620
003 http://catalogue.bnf.fr/ark:/12148/cb13931906j
005 20240513051040.0
010    $a 0000000117403787 $2 VIAF $d 20130731
033    $a http://catalogue.bnf.fr/ark:/12148/cb13931906j
035    $a FRBNF13931906X
039    $o OPP $a 14772948 $d 20081121
100    $a 19901207afrey50      ba0
102    $a US
103    $a  19310206           
105    $a i $a a
106    $a 1  
120    $a b
152    $c 2 $b NP
200    $7 ba0yba0y $8 fre    $9  0  $a Pisano $b John $f 1931-....
300 0  $a Guitariste de jazz
510    $5 xxxk $0 Membre de :  $3 13902441 $7 ba0yba0y $8 fre    $9 20  $a Chico Hamilton Quintet $p 1956-1958
801    $a FR $b FR-751131015 $c 20081121
810    $a For Django [Enregistrement sonore] / Joe Pass. Pacific Jazz TOCJ5309
810    $a Grove jazz $a Grove Music Online - http://www.oxfordmusiconline.com (2008-11-21) $a John Pisano.com - http://www.johnpisano.com (2008-11-21)
856    $u http://www.oxfordmusiconline.com $e 2008-11-21 $u http://www.johnpisano.com $e 2008-11-21
999    $a FRBNF13931906X $b 13931906

