01416cx  a2200313   4500
001 54784
003 http://catalogue.bnf.fr/ark:/12148/cb135673037
005 20240516075917.0
010    $a 0000000121217311 $2 VIAF $d 20130731
033    $a http://catalogue.bnf.fr/ark:/12148/cb135673037
035    $a FRBNF135673032
039    $o OPL $a 015081314
039    $o OPL $a 012511522
039    $o OPP $a 12511229 $d 20171117
100    $a 20000828afrey50      ba0
101    $a fre $t eng $t ita $t lat $t spa
102    $a FR
103    $a  19690919           
105    $a a
106    $a 1  
120    $a a
200    $7 ba0yba0y $8 fre    $9  0  $a Duprat $b Anne $f 1969-....
300 0  $a Normalienne. - Essayiste et traductrice. - Professeur de littérature comparée à l'Université de Picardie-Jules Verne (en 2017). - Directrice du Centre d'études des relations et contacts linguistiques et littéraires (en 2017). - Présidente de la Société française de littérature générale et comparée (en 2017)
801    $a FR $b FR-751131015 $c 20171117
810    $a Les allongés : roman / Anne Duprat, 2000
810    $a Université de Picardie-Jules Verne - https://www.u-picardie.fr (2017-11-17) $a Société française de littérature générale et comparée - http://vox-poetica.net (2017-11-17)
856    $u https://www.u-picardie.fr $e 2017-11-17 $u http://vox-poetica.net $e 2017-11-17
999    $a FRBNF135673032 $b 13567303
152    $b NP

