00747cx  a2200241   4500
001 55158
003 http://catalogue.bnf.fr/ark:/12148/cb11889993t
005 20240513052216.0
010    $a 0000000063042540 $2 VIAF $d 20130724
033    $a http://catalogue.bnf.fr/ark:/12148/cb11889993t
035    $a FRBNF118899933
039    $o OPL $a 000429455
100    $a 19760427afrey50      ba0
101    $a fre
102    $a FR
105    $a a
106    $a 1  
200    $7 ba0yba0y $8 fre    $9  0  $a Ball $b Rémy
300 0  $a Professeur de Collège d'enseignement technique (en 1979)
801    $a FR $b FR-751131015 $c 19910618
810    $a Vie civique et professionnelle : 423 questions et réponses / Rémy Ball, 1979
999    $a FRBNF118899933 $b 11889993
152    $b NP

