01185cx  a2200325   4500
001 55306
003 http://catalogue.bnf.fr/ark:/12148/cb11912429c
005 20240513052727.0
010    $a 0000000110275575 $2 VIAF $d 20130724
033    $a http://catalogue.bnf.fr/ark:/12148/cb11912429c
035    $a FRBNF119124290
039    $o OPL $a 001024285
039    $o OPP $a 11117600 $d 20120706
039    $o OPP $a 11516743 $d 20120706
100    $a 19750909afrey50      ba0
101    $a fre
102    $a FR
103    $a  19..               
105    $a a
106    $a 1  
120    $a b
200    $7 ba0yba0y $8 fre    $9  0  $a Lengellé $b Maurice
300 0  $a Économiste, sociologue. - Écrit également avec Henri Lengellé sous le pseudonyme collectif de Tardy
400    $7 ba0yba0y $8 fre    $9     $a Lengellé-Tardy $b Maurice
400    $7 ba0yba0y $8 fre    $9     $a Tardy $b Maurice Lengellé-
500    $5 l $0 Utilise :  $3 11926034 $7 ba0yba0y $8 fre    $9  0  $a Tardy
801    $a FR $b FR-751131015 $c 20120706
810    $a L'esclavage / Maurice Lengellé, 1976 (Que sais-je ? ; 667) $a Les arts décoratifs dans l'histoire / Maurice Lengellé-Tardy, 2002
999    $a FRBNF119124290 $b 11912429
152    $b NP

