01156cx  a2200301   4500
001 55435
003 http://catalogue.bnf.fr/ark:/12148/cb11917308b
005 20240514050755.0
010    $a 0000000374086540 $2 ISNI $d 20170818
033    $a http://catalogue.bnf.fr/ark:/12148/cb11917308b
035    $a FRBNF119173088
039    $o OPL $a 001154777
100    $a 19810817afrey50      ba0
101    $a ger
102    $a AT
103    $a  18..      19..     
105    $a a
106    $a 1  
152    $c 2 $b NP
200    $7 ba0yba0y $8 fre    $9  0  $a Mutzenbacher $b Josefine $c auteur prétendu
300 0  $a Serait née en 1852 comme la véritable Josefine Mutzenbacher, prostituée viennoise. - Il s'agirait peut-être de Felix Salten
400    $5 e $7 ba0yba0y $8 fre    $9     $a Mussenbacher $b Josefine
500    $5 z $0 Voir aussi $3 11923524 $7 ba0yba0y $8 fre    $9  0  $a Salten $b Felix $f 1869-1945
801    $a FR $b FR-751131015 $c 19941018
810    $a Histoire d'une fille de Vienne racontée par elle-même / Josefine Mutzenbacher, 1993
810    $a GV 1911-1965
815    $a GLE. - GDEL. - Killy. - Lennartz. - DBI. - Brockhaus, 17. Aufl.
999    $a FRBNF119173088 $b 11917308

