02062cx  a2200445   4500
001 55598
003 http://catalogue.bnf.fr/ark:/12148/cb12202749j
005 20240322040420.0
033    $a http://catalogue.bnf.fr/ark:/12148/cb12202749j
035    $a FRBNF122027499
039    $o OPL $a 007076659 $z AMA
039    $o OPL $a 007082879 $z ACO
039    $o OPP $a 13976114 $d 20070618
039    $o OPP $a 15322633 $d 20070618
039    $o OPP $a 14282984 $d 20090309
039    $o OPP $a 14513012 $d 20090309
100    $a 19890119afrey50      ba0
101    $a fre
102    $a FR
103    $a  19900702  20100301 
105    $a a $c a $c d $d h $c e $c p $d r
106    $a 010
150    $a z $b c6  
210    $7 ba0yba0y $8 fre    $9 20  $a La Poste $c France
300    $a Créée comme personne morale de droit public par la L. 90-568 du 2 juillet 1990 et reprend "les droits et les obligations", ainsi que "les biens...de l'Etat attachés aux services relevant de la Direction générale de la poste" ; son statut est déterminé par le D. 90-1111 du 12 décembre 1990
303    $a 44 boulevard de Vaugirard, 75757 Paris Cedex 15
303    $a Ancienne adresse : 4 quai du Point-du-Jour, CP B 701, 92777 Boulogne-Billancourt Cedex
410    $7 ba0yba0y $8 fre    $9     $a Groupe La Poste $c France
410    $7 ba0yba0y $8 fre    $9     $a La Poste $c France
410    $7 ba0yba0y $8 fre    $9     $a France $b Groupe La Poste
410    $7 ba0yba0y $8 fre    $9     $a France $b La Poste
410    $7 ba0yba0y $8 fre    $9     $a France $b Poste
510    $5 a $0 Antérieurement, voir $3 12497332 $7 ba0yba0y $8 fre    $9 20  $a France $b Ministère de l'industrie, de la poste et des télécommunications
510    $5 b $0 Après 2010, voir $3 16230223 $7 ba0yba0y $8 fre    $9 20  $a Groupe La Poste $c Société anonyme
510    $5 a $0 Avant 1990, voir $3 11863955 $7 ba0yba0y $8 fre    $9  0  $a France $b Direction générale de la poste
686    $a 330 $c Economie $2 Note de regroupement par domaine
801    $a FR $b FR-751131015 $c 20181219
810    $a JO, 1990-07-08 et 1990-12-13
999    $a FRBNF122027499 $b 12202749
152    $b CO

