01460cx  a2200349   4500
001 55748
003 http://catalogue.bnf.fr/ark:/12148/cb119094213
005 20240514051916.0
010    $a 0000000121222049 $2 VIAF $d 20130724
033    $a http://catalogue.bnf.fr/ark:/12148/cb119094213
035    $a FRBNF119094210
039    $o OPL $a 000942447
100    $a 19751117afrey50      ba0
101    $a hun
102    $a XX
103    $a  19361216           
105    $a a $a p
106    $a 1  
120    $a b
152    $c 2 $b NP
200    $7 ba0yba0y $8 frefre $9  0  $a Karady $b Victor $f 1936-....
300 0  $a Écrit en français, en anglais et en allemand
300 0  $a Historien. - Sociologue. - Directeur de recherche au Centre de sociologie de l'éducation et de la culture à Paris (en retraite en 2011)
301    $a Budapest
302    $a A vécu à Vienne 1956-1958, s'installe à Paris en 1958
400    $7 ba0yba0y $8 frehun $9     $a Karády $b Viktor $f 1936-....
801    $a FR $b FR-751131015 $c 20111208
810    $a Bildungswesen und Sozialstruktur in Mitteleuropa im 19. und 20. Jahrhundert / Victor Karady, Wolfgang Mitter, 1990
810    $a Magyar és nemzetközi ki kicsoda 1992 $a MTI ki kicsoda, 2006 $a Centre de sociologie européenne - http://cse.ehess.fr/document.php?id=820 (2011-12-08)
810    $a BnF Service finno-ougrien, balte, 2011-12-08
856    $u http://cse.ehess.fr/document.php?id=820 $e 2011-12-08
999    $a FRBNF119094210 $b 11909421

