01246cx  a2200325   4500
001 55903
003 http://catalogue.bnf.fr/ark:/12148/cb11906235h
005 20240514052514.0
010    $a 0000000108983484 $2 VIAF $d 20130724
033    $a http://catalogue.bnf.fr/ark:/12148/cb11906235h
035    $a FRBNF119062351
039    $o OPL $a 000856788
039    $o OPP $a 11223107 $d 20210824
100    $a 19781005afrey50      ba0
101    $a fre
102    $a FR
103    $a  19140807  19910923 
105    $a a
106    $a 1  
120    $a b
200    $7 ba0yba0y $8 fre    $9  0  $a Guglielmi $b Jean-Louis $f 1914-1991
300 0  $a Professeur émérite à l'Université Panthéon-Sorbonne, correspondant de l'Académie des sciences morales et politiques (en 1991)
301    $a Nice $b Clermont-Ferrand
801    $a FR $b FR-751131015 $c 20210824
810    $a Unités et monnaies de compte : travaux / du Colloque international, Paris ... 1977 ; organisé par Jean-Louis Guglielmi, Marie Lavigne, 1978
810    $a Figaro, 1991-10-01 $a INSEE, Fichier des décès - https://deces.matchid.io/search (2021-08-24)
810    $a BN Cat. gén. suppl.
856    $u https://deces.matchid.io/search $e 2021-08-24
999    $a FRBNF119062351 $b 11906235
152    $b NP

