01377cx  a2200289   4500
001 56065
003 http://catalogue.bnf.fr/ark:/12148/cb14003893g
005 20240514053501.0
010    $a 000000011778687X $2 VIAF $d 20130801
033    $a http://catalogue.bnf.fr/ark:/12148/cb14003893g
035    $a FRBNF140038935
100    $a 19970805afrey50      ba0
102    $a IE
103    $a  19450507           
105    $a i
106    $a 1  
120    $a b
152    $c 2 $b NP
200    $7 ba0yba0y $8 fre    $9  0  $a Moore $b Christy $f 1945-....
300 0  $a Chanteur, guitariste de folk irlandais, joue aussi du bodhran. - Fondateur avec Donal Lunny des groupes "Planxty" et "Moving Hearts"
510    $5 xxxk $0 Membre de :  $3 13976757 $7 ba0yba0y $8 fre    $9 20  $a Planxty $p 1969-1975
510    $5 xxxk $0 Membre de :  $3 13976746 $7 ba0yba0y $8 fre    $9 20  $a Moving Hearts $p 1981-1982
801    $a FR $b FR-751131015 $c 20240321
810    $a Planète celte [Enregistrement sonore] / Dan Ar Braz, guit. ; Annie Ebrel, Alan Stivell, Christy Moore, chant... [et al.] ; the Pogues, Planxty, the Corrs... [et al.], groupes voc. et instr. Virgin 8440782
810    $a Discogs - https://www.discogs.com/fr/artist/290085-Christy-Moore (2024-03-21) $a International Who's Who in Popular Music, 2003
856    $u https://www.discogs.com/fr/artist/290085-Christy-Moore $e 2024-03-21
999    $a FRBNF140038935 $b 14003893

