00924cx  a2200301   4500
001 56195
003 http://catalogue.bnf.fr/ark:/12148/cb129396682
005 20240514060307.0
010    $a 0000000032044869 $2 VIAF $d 20130730
033    $a http://catalogue.bnf.fr/ark:/12148/cb129396682
035    $a FRBNF129396680
039    $o OPL $a 008728744
039    $o OPP $a 14060493 $d 20070813
100    $a 19930208afrey50      ba0
101    $a fre
102    $a FR
103    $a  19550626           
105    $a a $a p
106    $a 1  
120    $a b
200    $7 ba0yba0y $8 fre    $9  0  $a Barbieux $b José $f 1955-....
300 0  $a Archéologue
801    $a FR $b FR-751131015 $c 20070813
810    $a Nom d'une pipe ! / sous la direction de José Barbieux et Martine Gabriel, impr. 2006
810    $a Pages jaunes - pagesjaunes.fr (2007-07-18)
856    $u pagesjaunes.fr $e 2007-07-18
999    $a FRBNF129396680 $b 12939668
152    $b NP

