00839cx  a2200241   4500
001 56338
003 http://catalogue.bnf.fr/ark:/12148/cb12212680m
005 20240514054645.0
010    $a 0000000001794990 $2 VIAF $d 20130725
033    $a http://catalogue.bnf.fr/ark:/12148/cb12212680m
035    $a FRBNF122126807
039    $o OPL $a 007556989
100    $a 19910725afrey50      ba0
101    $a fre
102    $a FR
105    $a a
106    $a 1  
200    $7 ba0yba0y $8 fre    $9  0  $a Menesson $b Danielle
300 0  $a Journaliste, spécialiste des problèmes de l'éducation et de la psychologie enfantine, à "France-Soir" (en 1971)
801    $a FR $b FR-751131015 $c 19921218
810    $a Votre enfant à l'école maternelle et à l'école primaire / P.B. Marquet, C. Gambiez, D. Menesson, 1971
999    $a FRBNF122126807 $b 12212680
152    $b NP

