01708cx  a2200373   4500
001 56648
003 http://catalogue.bnf.fr/ark:/12148/cb126628639
005 20240515050909.0
010    $a 0000000108852679 $2 ISNI $d 20131217
033    $a http://catalogue.bnf.fr/ark:/12148/cb126628639
035    $a FRBNF126628636
039    $o OPL $a 002679030
039    $o OPL $a 008199045
039    $o OPP $a 10923615 $d 20060516
039    $o OPP $a 12930922 $d 20160302
100    $a 19840420afrey50      ba0
101    $a hun $t fre
102    $a HU
103    $a  19131008  19780408 
105    $a a
106    $a 010
120    $a b
152    $c 2 $b NP
200    $7 ba0yba0y $8 fre    $9  0  $a Rónay $b György $f 1913-1978
300    $a Poète, écrivain. - Traducteur littéraire. - Rédacteur de la revue catholique "Vigilia". - Père de Rónay László (1937-) historien littéraire
301    $a Budapest (Hongrie) $b Budapest (Hongrie)
400    $7 ba0yba0y $8 frefre $9     $a Ronay $b György $f 1913-1978
686    $a 800 $c Histoire et critique littéraires $2 Note de regroupement par domaine
801    $a FR $b FR-751131015 $c 20160302
810    $a Egyedül a felhők felett / Antoine de Saint-Exupéry ; ford. Rónay György, 1940 $a Endre Ady / Présentation par György Ronai [sic pour : Rónay]. Choix de poèmes établi par Guillevic et László Gara ; [révision par Paul Chaulot et László Pődor], 1967
810    $a Rónay György emlékezete / Rónay László, 2001
810    $a Biogr. Hongrie, 1967 $a Trentes années de littérature hongroise en traductions françaises / Sophie Aude, 2010
810    $a BN Cat. gén. suppl. $a BN Cat. gén. 1960-1969 $a BnF Service finno-ougrien, balte
999    $a FRBNF126628636 $b 12662863

