00708nx  a2200241   4500
001 56812
003 http://catalogue.bnf.fr/ark:/12148/cb12176778c
005 20240515051726.0
010    $a 0000000000689646 $2 VIAF $d 20130725
033    $a http://catalogue.bnf.fr/ark:/12148/cb12176778c
035    $a FRBNF121767781
039    $o OPL $a 005872351
100    $a 19901211afrey50      ba0
101    $a fre
102    $a FR
105    $a a
106    $a 1  
200    $7 ba0yba0y $8 fre    $9  0  $a Meynieux $b Annie
300 0  $a Traduit du russe en français
801    $a FR $b FR-751131015 $c 19901211
810    $a Trois vies / M. Gorki ; trad. du russe par Annie Meynieux, 1990
999    $a FRBNF121767781 $b 12176778
152    $b NP

