00787cx  a2200265   4500
001 56966
003 http://catalogue.bnf.fr/ark:/12148/cb13602116r
005 20240515052511.0
010    $a 0000000001410045 $2 VIAF $d 20130731
033    $a http://catalogue.bnf.fr/ark:/12148/cb13602116r
035    $a FRBNF136021168
039    $o OPL $a 01527956X
100    $a 20010116afrey50      ba0
101    $a fre
102    $a FR
103    $a  19750621           
105    $a a
106    $a 1  
120    $a b
200    $7 ba0yba0y $8 fre    $9  0  $a Dermidjian $b Freddy $f 1975-....
300 0  $a Illustrateur
801    $a FR $b FR-751131015 $c 20070717
810    $a Les sacs de vérité / conte rapporté par Patrick Hétier ; ill., Freddy Dermidjian, 2001
999    $a FRBNF136021168 $b 13602116
152    $b NP

