01300cx  a2200361   4500
001 57124
003 http://catalogue.bnf.fr/ark:/12148/cb11569397m
005 20240515053245.0
010    $a 0000000114596413 $2 ISNI $d 20131217
033    $a http://catalogue.bnf.fr/ark:/12148/cb11569397m
035    $a FRBNF115693974
039    $o OPP $a 10135863 $d 20110202
039    $o OPP $a 11319502 $d 20110202
039    $o OPP $a 14381593 $d 20110202
039    $o OPP $a 14695588 $d 20110202
100    $a 19970701afrey50      ba0
101    $a rus
102    $a XX
103    $a  19001116  19620919 
105    $a a
106    $a 1  
120    $a b
152    $c 2 $b NP
200    $7 ba0yba0a $8 fre    $9  0  $a Pogodin $b Nikolaj Fëdorovič $f 1900-1962
300 0  $a Journaliste, dramaturge et romancier
400    $7 ba0yba0e $8 fre    $9     $a Pogodin $b Nikolay Fyodorovich $f 1900-1962
400    $7 ba0yba0e $8 fre    $9     $a Pogodin $b Nikolai $f 1900-1962
400    $7 ba0yba0e $8 fre    $9     $a Pogodine $b Nicolas $f 1900-1962
400    $7 ba0yba0e $8 fre    $9     $a Pogodin $b Nikolaï Fedorovitch $f 1900-1962
700    $7 ba0yca0y $8 fre||| $9  0  $a Погодин $b Николай Фёдорович $f 1900-1962
801    $a FR $b FR-751131015 $c 20110202
810    $a Le collier d'ambre / Nicolas Pogodine, 1963
999    $a FRBNF115693974 $b 11569397

