00946cx  a2200277   4500
001 57301
005 20160120023953.0
009 http://catalogue.bnf.fr/ark:/12148/cb13949843m
010    $a 0000000108160509
039    $o OPP $a 14769565 $d 20070704
039    $o OPP $a 13804775 $d 20080422
100    $a 19921014afrey50      ba0
102    $a US
103    $a  19210517  19980217 
105    $a a $a i
106    $a 1  
120    $a b
152    $a AFNOR Z 44-061 $c 2 $b NP
200    $7 ba0yba0y $8 fre    $9  0  $a Merrill $b Bob $f 1921-1998
300 0  $a Ecrivain de chansons dans les années 50, se tourne ensuite vers la comédie musicale :  paroles et musique (Carnival, 1961), paroles (Funny Girl, 1964 ; Sugar, 1972)
300 0  $a Compositeur. - Comédie musicale. - Chanson
301    $a Atlantic City, New Jersey
801    $a FR $b FR-751131015 $c 20080422
810    $a The Faber Companion
810    $a IMDB - http://us.imdb.com (2007-07-04)
999    $a 13949843

