00870cx  a2200241   4500
001 57460
003 http://catalogue.bnf.fr/ark:/12148/cb125512782
005 20240515055246.0
010    $a 0000000050040028 $2 VIAF $d 20130729
033    $a http://catalogue.bnf.fr/ark:/12148/cb125512782
035    $a FRBNF125512785
039    $o OPL $a 013052552
100    $a 19970205afrey50      ba0
101    $a fre
102    $a FR
105    $a a
106    $a 1  
200    $7 ba0yba0y $8 fre    $9  0  $a André $b Marie-Sophie
300 0  $a Poète et biographe
801    $a FR $b FR-751131015 $c 19980724
810    $a Papus : biographie : la Belle époque de l'occultisme / Marie-Sophie André, Christophe Beaufils, 1995 $a [Pages tournées des saisons...] / textes Marie-Sophie André ; xylographies Bernadette Genoud-Prachet, Michel Vigouroux, 1996
999    $a FRBNF125512785 $b 12551278
152    $b NP

