01128cx  a2200313   4500
001 57628
003 http://catalogue.bnf.fr/ark:/12148/cb11899812x
005 20240515055416.0
010    $a 000000012020130X $2 VIAF $d 20130724
033    $a http://catalogue.bnf.fr/ark:/12148/cb11899812x
035    $a FRBNF118998123
039    $o OPL $a 000686115
039    $o OPP $a 14857425 $d 20090923
100    $a 19741203afrey50      ba0
101    $a fre
102    $a FR
103    $a  19230423  2000     
105    $a a
106    $a 1  
120    $a b
200    $7 ba0yba0y $8 fre    $9  0  $a Descotes $b Maurice $f 1923-2000
300 0  $a Agrégé de lettres et docteur ès lettres. - Professeur de littérature française à la Faculté des lettres de Pau. - Président de l'Université de Pau et des Pays de l'Adour. - Auteur de romans
301    $a Lyon
801    $a FR $b FR-751131015 $c 20090923
810    $a Les grands rôles du théâtre de Molière / Maurice Descotes, 1976
810    $a WW, France 1998-1999 $a Monde, 2000-09-06
810    $a BN Cat. gén. suppl. $a BN Cat. gén. 1960-1969
999    $a FRBNF118998123 $b 11899812
152    $b NP

