01162cx  a2200337   4500
001 57817
003 http://catalogue.bnf.fr/ark:/12148/cb119199430
005 20240515060702.0
010    $a 0000000364652342 $2 VIAF $d 20130724
033    $a http://catalogue.bnf.fr/ark:/12148/cb119199430
035    $a FRBNF119199439
039    $o OPL $a 00122980X
039    $o OPP $a 11081463 $d 20080102
100    $a 19751231afrey50      ba0
101    $a fre
102    $a FR
103    $a  19280902  19780523 
105    $a a
106    $a 1  
120    $a a
200    $7 ba0yba0y $8 fre    $9  0  $a Pitoëff $b Aniouta $f 1928-1978
300 0  $a A traduit de l'anglais en français
300 0  $a Fille de Georges et Ludmilla Pitoëff
301    $a Paris (7e) $b Paris (6e)
801    $a FR $b FR-751131015 $c 20220125
810    $a Les Compagnons de la charte / Geoffrey Trease ; trad. par Aniouta Pitoëff, 1997
810    $a Les Pitoëff : un roman théâtral / Jacqueline de Salmon, 1996
810    $a INSEE, Fichier des décès - https://deces.matchid.io/search (2022-01-25)
856    $u https://deces.matchid.io/search $e 2022-01-25
999    $a FRBNF119199439 $b 11919943
152    $b NP

