01006cx  a2200337   4500
001 58002
003 http://catalogue.bnf.fr/ark:/12148/cb131660233
005 20240515060821.0
010    $a 000000036468386X $2 VIAF $d 20130730
033    $a http://catalogue.bnf.fr/ark:/12148/cb131660233
035    $a FRBNF131660233
039    $o OPL $a 01338829X
039    $o OPP $a 11045186 $d 20060705
039    $o OPP $a 11045187 $d 20060705
039    $o OPP $a 11497372 $d 20060705
100    $a 19970821afrey50      ba0
101    $a fre
102    $a FR
103    $a  19010127           
105    $a a
106    $a 1  
120    $a a
200    $7 ba0yba0y $8 fre    $9  0  $a Bardin $b Angelina $f 1901-....
300 0  $a Romancière
301    $a Paris
801    $a FR $b FR-751131015 $c 20060705
810    $a Angelina, une fille des champs / par Angelina Bardin, 1956
810    $a Crapouillot, n° 42, octobre 1958
810    $a BN Cat. gén. suppl. $a BN Cat. gén. 1960-1969
999    $a FRBNF131660233 $b 13166023
152    $b NP

