01075cx  a2200265   4500
001 58348
003 http://catalogue.bnf.fr/ark:/12148/cb13550301n
005 20240517075924.0
010    $a 0000000122806097 $2 VIAF $d 20130731
033    $a http://catalogue.bnf.fr/ark:/12148/cb13550301n
035    $a FRBNF135503012
039    $o OPL $a 014716764
100    $a 19991213afrey50      ba0
101    $a fre $t eng $t spa
102    $a FR
103    $a  19520824           
105    $a a
106    $a 1  
120    $a a
200    $7 ba0yba0y $8 fre    $9  0  $a Delord $b Dominique $f 1952-....
300 0  $a Traductrice, historienne
801    $a FR $b FR-751131015 $c 20080108
810    $a Fausse alerte / Fiona Kelly ; trad. et adapté de l'anglais par Dominique Delord, 2000 $a Cahier du temps / Laura Wittner ; traduit de l'espagnol (Argentine) par Dominique Delord, impr. 2006 $a Campagne des mers du Sud : faite par le Seignelay de 1875 à 1879 / Paul-Émile Lafontaine ; édition établie, préfacée et annotée par Dominique Delord, impr. 2006
999    $a FRBNF135503012 $b 13550301
152    $b NP

