00979cx  a2200289   4500
001 58513
003 http://catalogue.bnf.fr/ark:/12148/cb11484803v
005 20240515062947.0
010    $a 0000000104675927 $2 ISNI $d 20131217
033    $a http://catalogue.bnf.fr/ark:/12148/cb11484803v
035    $a FRBNF114848037
100    $a 19970701afrey50      ba0
101    $a fre
102    $a FR
103    $a  19230926  20080512 
105    $a a
106    $a 1  
120    $a b
200    $7 ba0yba0y $8 fre    $9  0  $a Delcour $b Roland $f 1923-2008
300 0  $a Journaliste au quotidien "Le Monde " (1950-1983), correspondant en Allemagne à deux reprises  (1953-1955 et 1962-1970)
301    $a Paris $b Cobonne (Drôme)
801    $a FR $b FR-751131015 $c 20080519
810    $a Konrad Adenauer. . Présentation, choix de textes [de K. Adenauer]... / Roland Delcour, 1966
810    $a Monde, 2008-05-18/19
810    $a BN Cat. gén. 1960-1969
999    $a FRBNF114848037 $b 11484803
152    $b NP

