00717cx  a2200241   4500
001 58679
003 http://catalogue.bnf.fr/ark:/12148/cb12634967t
005 20240515063127.0
010    $a 0000000000632455 $2 VIAF $d 20130729
033    $a http://catalogue.bnf.fr/ark:/12148/cb12634967t
035    $a FRBNF126349679
039    $o OPL $a 001283291
100    $a 19750605afrey50      ba0
101    $a fre $t eng
102    $a FR
105    $a a
106    $a 1  
120    $a a
200    $7 ba0yba0y $8 fre    $9  0  $a Rickards $b Yvette
801    $a FR $b FR-751131015 $c 20081015
810    $a Le pianiste déchaîné / Kurt Vonnegut Jr ; traduction de l'anglais par Yvette Rickards, 2008
999    $a FRBNF126349679 $b 12634967
152    $b NP

