01595cx  a2200361   4500
001 58828
003 http://catalogue.bnf.fr/ark:/12148/cb11980866n
005 20240509063714.0
033    $a http://catalogue.bnf.fr/ark:/12148/cb11980866n
035    $a FRBNF119808662
039    $o OPL $a 002187666
100    $a 19850707afrey50      ba0
106    $a 211
152    $b GENRE/FORM $c 2
159    $a rameau
180    $a b
280  0 $7 ba0yba0y $8 fre    $9     $a Musique populaire $y États-Unis
330    $a Sous cette vedette, on trouve les recueils de musiques populaires des États-Unis
480  0 $7 ba0yba0y $8 fre    $9     $a Musique populaire américaine
550    $5 g $3 12069488 $7 ba0yba0y $8 fre    $9     $a Civilisation $y États-Unis
550    $5 g $3 16959836 $7 ba0yba0y $8 fre    $9     $a Musique populaire $x [Localisations géographiques]
580  0 $5 h $3 11955660 $7 ba0yba0y $8 fre    $9     $a Chansons de cow-boys
580  0 $5 h $3 13513522 $7 ba0yba0y $8 fre    $9     $a Latin jazz
580  0 $5 h $3 16056510 $7 ba0yba0y $8 fre    $9     $a Latin soul
580  0 $5 h $3 16228143 $7 ba0yba0y $8 fre    $9     $a Norteño (musique)
580  0 $5 h $3 16721529 $7 ba0yba0y $8 fre    $9     $a Rock sudiste
580  0 $5 h $3 12179947 $7 ba0yba0y $8 fre    $9     $a Rockabilly
580  0 $5 h $3 12503884 $7 ba0yba0y $8 fre    $9     $a Zydeco
686    $a 780 $c Musique $2 Note de regroupement par domaine
801    $a FR $b FR-751131015 $c 20150416
822 12 $a Musique populaire -- États-Unis $2 RVMLaval $d 2015-04-16
822 1  $a Popular music--United States $2 LCSH $u http://id.loc.gov/authorities/subjects/sh85088876 $d 2017-02-09
999    $a FRBNF119808662 $b 11980866

