00949cx  a2200277   4500
001 58976
003 http://catalogue.bnf.fr/ark:/12148/cb12057681n
005 20240507042422.0
010    $a 0000000055100122 $2 VIAF $d 20130724
033    $a http://catalogue.bnf.fr/ark:/12148/cb12057681n
035    $a FRBNF120576816
039    $o OPL $a 003758897
100    $a 19840420afrey50      ba0
101    $a fre
102    $a FR
103    $a  19410729           
105    $a a
106    $a 1  
120    $a b
200    $7 ba0yba0y $8 fre    $9  0  $a Pacaud $b Gérard $f 1941-....
300 0  $a Médecin, spécialisé en homéopathie, Professeur au Centre d'études et de documentation homéopathiques (en 1988). - Écrit aussi sur l'histoire de l'Antiquité
801    $a FR $b FR-751131015 $c 20040806
810    $a Se soigner par l'homéopathie / G. Pacaud, 1988
810    $a Rosenwald, 1996 $a Livres Hebdo, 564, 2004
999    $a FRBNF120576816 $b 12057681
152    $b NP

