01676cx  a2200325   4500
001 59135
003 http://catalogue.bnf.fr/ark:/12148/cb11949522j
005 20240515065357.0
033    $a http://catalogue.bnf.fr/ark:/12148/cb11949522j
035    $a FRBNF119495228
039    $o OPL $a 001757113
100    $a 19821221afrey50      ba0
106    $a 211
152    $b SNC $c 2
159    $a rameau
250    $7 ba0yba0y $8 fre    $9     $a Femmes et judaïsme
450    $7 ba0yba0y $8 fre    $9     $a Femmes dans le judaïsme
450    $7 ba0yba0y $8 fre    $9     $a Judaïsme et femmes
550    $5 z $0 Voir aussi $3 16594404 $7 ba0yba0y $8 freheb $9     $a Bat mitsva
550    $5 z $0 Voir aussi $3 15000905 $7 ba0yba0y $8 fre    $9     $a Femmes rabbins
550    $5 z $0 Voir aussi $3 13318429 $7 ba0yba0y $8 fre    $9     $a Judaïsme
550    $5 z $0 Voir aussi $3 11940694 $7 ba0yba0y $8 fre    $9     $a Juives
550    $5 g $3 11931399 $7 ba0yba0y $8 fre    $9     $a Femmes et religion
686    $a 200 $c Religion (ouvrages généraux et comparatifs) $2 Note de regroupement par domaine
686    $a 300 $c Sciences sociales $2 Note de regroupement par domaine
801    $a FR $b FR-751131015 $c 20170406
810    $a Encycl. du judaïsme / G. Wigoder, 1987 (art. : Femmes) $a Encycl. des religions / F. Lenoir, T. Y. Masquelier, 1998 (art. : Judaïsme : "homme et femme il les créa", p. 1651-1655) $a La femme dans le judaïsme / M.-R. Hayoun, M. Cohen, 1999 $a Tracing the evidence : Dinah in post-Hebrew Bible literature / M. A. Bader, 2008
822 12 $a Women in Judaism $2 LCSH $u http://id.loc.gov/authorities/subjects/sh85147584 $d 2017-02-09
822 12 $a Femmes dans le judaïsme $2 RVMLaval $d 2017-04-06
999    $a FRBNF119495228 $b 11949522

