00723nx  a2200241   4500
001 59302
003 http://catalogue.bnf.fr/ark:/12148/cb12487019w
005 20240516065028.0
010    $a 0000000035647825 $2 VIAF $d 20130729
033    $a http://catalogue.bnf.fr/ark:/12148/cb12487019w
035    $a FRBNF124870199
039    $o OPL $a 011759130
100    $a 19951023afrey50      ba0
101    $a fre
102    $a FR
105    $a a
106    $a 1  
200    $7 ba0yba0y $8 fre    $9  0  $a Desorbay $b Michel
300 0  $a Alpiniste, himalayiste. - A dirigé une expédition polaire
801    $a FR $b FR-751131015 $c 19951023
810    $a Les hauts lieux : roman / Michel Desorbay, 1994
999    $a FRBNF124870199 $b 12487019
152    $b NP

