01058cx  a2200265   4500
001 59502
003 http://catalogue.bnf.fr/ark:/12148/cb11908436w
005 20230912025037.0
010    $a 0000000108954990 $2 VIAF $d 20130724
033    $a http://catalogue.bnf.fr/ark:/12148/cb11908436w
035    $a FRBNF119084369
039    $o OPL $a 000916915
100    $a 19791126afrey50      ba0
101    $a fre
102    $a FR
103    $a  1945               
105    $a a
106    $a 1  
120    $a a
200    $7 ba0yba0y $8 fre    $9  0  $a Jacques $b Annie $f 1945-....
300 0  $a Conservateur en chef du patrimoine, chargée des collections de l'École nationale supérieure des beaux-arts, Paris (en 2004)
801    $a FR $b FR-751131015 $c 20041019
810    $a Les Architectes de la liberté / A. Jacques, J.-P. Mouilleseaux, 1989 $a Les Dessins d'architecture de l'Ecole des beaux-arts / A. Jacques, R. Miyake, 1989 $a Architectes élèves de l'École des beaux-arts / Edmond Delaire ; préf. de Annie Jacques, 2004
999    $a FRBNF119084369 $b 11908436
152    $b NP

