01733cx  a2200385   4500
001 59745
003 http://catalogue.bnf.fr/ark:/12148/cb12496190h
005 20240517063459.0
033    $a http://catalogue.bnf.fr/ark:/12148/cb12496190h
035    $a FRBNF124961909
039    $o OPL $a 011879254
100    $a 19960110afrey50      ba0
106    $a 211
152    $b SNC $c 2
159    $a rameau
250    $7 ba0yba0y $8 fre    $9     $a Élus locaux
450    $7 ba0yba0y $8 fre    $9     $a Élu local
450    $7 ba0yba0y $8 fre    $9     $a Mandats locaux
450    $7 ba0yba0y $8 fre    $9     $a Mandats politiques locaux
550    $5 z $0 Voir aussi $3 17796815 $7 ba0yba0y $8 fre    $9     $a Animateurs socioculturels et élus locaux
550    $5 z $0 Voir aussi $3 17108933 $7 ba0yba0y $8 fre    $9     $a Partis politiques et élus
550    $5 z $0 Voir aussi $3 11967228 $7 ba0yba0y $8 fre    $9     $a Élections locales
550    $5 h $3 17066421 $7 ba0yba0y $8 fre    $9     $a Élues locales
550    $5 h $3 11940139 $7 ba0yba0y $8 fre    $9     $a Maires
550    $5 h $3 12653596 $7 ba0yba0y $8 fre    $9     $a Conseillers généraux
550    $5 h $3 11936604 $7 ba0yba0y $8 fre    $9     $a Conseillers municipaux
550    $5 h $3 12243012 $7 ba0yba0y $8 fre    $9     $a Conseillers régionaux
550    $5 g $3 14626204 $7 ba0yba0y $8 fre    $9     $a Collectivités locales
550    $5 g $3 13320310 $7 ba0yba0y $8 fre    $9     $a Mandats électifs
686    $a 320 $c Sciences politiques $2 Note de regroupement par domaine
686    $a 350 $c Administration publique $2 Note de regroupement par domaine
801    $a FR $b FR-751131015 $c 20020301
810    $a Eurovoc $a BIPA
810    $a Loi n° 92-108 du 3 février 1992 relative aux conditions d'exercice des mandats locaux
999    $a FRBNF124961909 $b 12496190

