01079cx  a2200313   4500
001 59918
003 http://catalogue.bnf.fr/ark:/12148/cb12519553n
005 20240516061127.0
010    $a 0000000014475227 $2 VIAF $d 20130729
033    $a http://catalogue.bnf.fr/ark:/12148/cb12519553n
035    $a FRBNF125195534
039    $o OPL $a 012626898
039    $o OPP $a 14062292 $d 20070124
039    $o OPP $a 14054503 $d 20070124
100    $a 19960514afrey50      ba0
101    $a fre $t ger
102    $a FR
103    $a  19330905  20030103 
105    $a a $a p
106    $a 1  
120    $a b
200    $7 ba0yba0y $8 fre    $9  0  $a Coumet $b Ernest $f 1933-2003
300 0  $a Membre du séminaire d'histoire du calcul des probabilitées et de la statistique à l'École des hautes études en sciences sociales
801    $a FR $b FR-751131015 $c 20161206
810    $a Logique sans peine / ill. de Max Ernst ; trad. et présentation de Jean Gattegno et Ernest Coumet, 1972
810    $a Monde, 2003-01-10
810    $a BN Cat. gén. 1960-1969
999    $a FRBNF125195534 $b 12519553
152    $b NP

