01280cx  a2200349   4500
001 60074
003 http://catalogue.bnf.fr/ark:/12148/cb128435749
005 20240516065849.0
010    $a 0000000055125864 $2 VIAF $d 20130730
033    $a http://catalogue.bnf.fr/ark:/12148/cb128435749
035    $a FRBNF128435746
039    $o OPL $a 006642403
039    $o OPP $a 10262432 $d 20141024
039    $o OPP $a 10386316 $d 20141024
039    $o OPP $a 11046761 $d 20141024
039    $o OPP $a 11497767 $d 20141024
039    $o OPP $a 15449642 $d 20141024
100    $a 19910322afrey50      ba0
101    $a fre
102    $a FR
103    $a  19..      19..     
105    $a a
106    $a 1  
120    $a b
200    $7 ba0yba0y $8 fre    $9  0  $a Bernaténé $b Henri
300 0  $a Professeur à l'École d'organisation scientifique du travail
801    $a FR $b FR-751131015 $c 20141219
810    $a Comment concevoir et réaliser une documentation : un exemple pratique relatif à l'organisation scientifique du travail / par H. Bernaténé,... ; préface de Robert Satet, 1946 $a Le diagramme B. G. / par H. Bernaténé, 1949
810    $a BN Cat. gén. $a BN Cat. gén. suppl. $a BN Cat. gén. 1960-1969
815    $a Persée. - WBIS. - Leonore
999    $a FRBNF128435746 $b 12843574
152    $b NP

