00954cx  a2200265   4500
001 60245
003 http://catalogue.bnf.fr/ark:/12148/cb12234172h
005 20240516062409.0
010    $a 0000000006477425 $2 VIAF $d 20130725
033    $a http://catalogue.bnf.fr/ark:/12148/cb12234172h
035    $a FRBNF122341724
039    $o OPL $a 007959933
100    $a 19920127afrey50      ba0
101    $a fre
102    $a FR
103    $a  19..               
105    $a a
106    $a 1  
120    $a b
200    $7 ba0yba0y $8 fre    $9  0  $a Bittler $b Bernard
300 0  $a Illustrateur. - Enseigne le dessin depuis 2019. - A étudié le dessin industriel
801    $a FR $b FR-751131015 $c 20231129
810    $a Nobodyland / scénario, C. Carré ; dessin, B. Bittler, 1991 $a Cahier. N.2 / [dessins de] Bernard Bittler ; [interview par J. Leander]. - Provins : Humbird & Curlew, DL 2023. - [Texte noté. Image fixe]
999    $a FRBNF122341724 $b 12234172
152    $b NP

