02218cx  a2200529   4500
001 60485
003 http://catalogue.bnf.fr/ark:/12148/cb127402826
005 20240519025351.0
010    $a 0000000122704744 $2 ISNI $d 20170818
033    $a http://catalogue.bnf.fr/ark:/12148/cb127402826
035    $a FRBNF127402825
039    $o OPL $a 004987977
039    $o OPP $a 10176113 $d 20080901
039    $o OPP $a 10778531 $d 20080901
039    $o OPP $a 14299400 $d 20080901
039    $o OPP $a 14341890 $d 20080901
039    $o OPP $a 10799220 $d 20080901
039    $o OPP $a 14299401 $d 20080901
039    $o OPP $a 14341891 $d 20080901
039    $o OPP $a 10265078 $d 20080901
039    $o OPP $a 10889353 $d 20080901
039    $o OPP $a 11627157 $d 20080901
039    $o OPP $a 11627158 $d 20080901
039    $o OPP $a 14086054 $d 20080901
039    $o OPP $a 14341892 $d 20080901
039    $o OPP $a 15454437 $d 20110128
039    $o OPP $a 16328585 $d 20190611
039    $o OPP $a 16328583 $d 20210428
039    $o OPP $a 17328242 $d 20210428
100    $a 19900321afrey50      ba0
101    $a fre
102    $a FR
103    $a  18690131  19470728 
105    $a a
106    $a 1  
120    $a b
200    $7 ba0yba0y $8 fre    $9  0  $a Celval $b Félix $f 1869-1947
300 0  $a Librettiste. - Romancier. - Pseudonyme anagrammatique de Paul Edme Sébastien Félix Calvel
301    $a Tourcy (Yonne) $b Lanzac (Lot)
400    $5 e $7 ba0yba0y $8 fre    $9     $a Celval $b F. $f 1869-1947
400    $5 e $7 ba0yba0y $8 fre    $9     $a Celval $f 1869-1947
801    $a FR $b FR-751131015 $c 20210428
810    $a V'lan !... La fin du monde ! ! ! : revue locale en 2 actes / de MM. Maurice T'ar Nemo et Celval..., 1897 $a Mamzelle Culot : opérette militaire en 1 acte / Maurice T'ar Nemo et Celval ; musique de Charles Gérin fils, 1898 $a Tifs d'étoupe et Nib de tifs, roman de moeurs théâtrales et ecclésiastiques / G. de La Fouchardière et Félix Celval, 1924
810    $a Le coin des pseudonymes et autres recherches biographiques / par Patrick Ramseyer. In : Le Rocambole : Bulletin des amis du roman populaire, n° 86-87, 2019 (p. 311) $a SACEM, 1980
810    $a BN Cat. gén. $a BN Cat. gén. suppl.
999    $a FRBNF127402825 $b 12740282
152    $b NP

