01228cx  a2200253   4500
001 60700
003 http://catalogue.bnf.fr/ark:/12148/cb155201294
005 20240507045730.0
033    $a http://catalogue.bnf.fr/ark:/12148/cb155201294
035    $a FRBNF155201295
100    $a 20070323afrey50      ba0
102    $a GB
103    $a  19..               
105    $a a
106    $a 1  
120    $a b
152    $c 2 $b NP
200    $7 ba0yba0y $8 fre    $9  0  $a Parsons $b Jim $f 19..-.... $c réalisateur
300 0  $a Réalisateur et producteur
801    $a FR $b FR-751131015 $c 20191217
810    $a Just doin' it !  [Images animées] : live / Jim Parsons, réal. Status Quo, groupe voc. et instr. Warner music vision, [2006]
810    $a Linkedin - https://uk.linkedin.com/in/jim-parsons-2374a419/fr (2019-12-17) $a Discogs - https://www.discogs.com/fr/artist/293595-Jim-Parsons (2019-12-17) $a Allmusic - https://www.allmusic.com/artist/jim-parsons-mn0001222272/credits (2019-12-17)
856    $u https://uk.linkedin.com/in/jim-parsons-2374a419/fr $e 2019-12-17 $u https://www.discogs.com/fr/artist/293595-Jim-Parsons $e 2019-12-17 $u https://www.allmusic.com/artist/jim-parsons-mn0001222272/credits $e 2019-12-17
999    $a FRBNF155201295 $b 15520129

