00711nx  a2200229   4500
001 60850
003 http://catalogue.bnf.fr/ark:/12148/cb13486720x
005 20240506040109.0
010    $a 000000011785756X $2 ISNI $d 20150313
033    $a http://catalogue.bnf.fr/ark:/12148/cb13486720x
035    $a FRBNF134867205
039    $o OPL $a 014036540
100    $a 19980904afrey50      ba0
101    $a fre
102    $a FR
105    $a a
106    $a 1  
200    $7 ba0yba0y $8 fre    $9  0  $a Tasmadjian $b Sandrine
801    $a FR $b FR-751131015 $c 19980904
810    $a La mode enfantine / Eurostaf, Europe Stratégie Analyse Financière ; [réd. par Sandrine Tasmadjian], 1998
999    $a FRBNF134867205 $b 13486720
152    $b NP

