00823cx  a2200241   4500
001 61040
003 http://catalogue.bnf.fr/ark:/12148/cb120548537
005 20240516064400.0
010    $a 0000000121438341 $2 VIAF $d 20130724
033    $a http://catalogue.bnf.fr/ark:/12148/cb120548537
035    $a FRBNF120548539
039    $o OPL $a 003663901
100    $a 19860101afrey50      ba0
101    $a fre
102    $a FR
105    $a a
106    $a 1  
200    $7 ba0yba0y $8 fre    $9  0  $a Callon $b Michel
300 0  $a Directeur du Centre de sociologie de l'innovation de l'Ecole nationale supérieure des mines de Paris (en 1988)
801    $a FR $b FR-751131015 $c 19890329
810    $a La Science et ses réseaux, genèse et circulation des faits scientifiques / dir. M. Callon, 1989
999    $a FRBNF120548539 $b 12054853
152    $b NP

