00861cx  a2200265   4500
001 61249
003 http://catalogue.bnf.fr/ark:/12148/cb11923987c
005 20240516065018.0
010    $a 0000000073604340 $2 VIAF $d 20130724
033    $a http://catalogue.bnf.fr/ark:/12148/cb11923987c
035    $a FRBNF11923987X
039    $o OPL $a 001339651
100    $a 19800328afrey50      ba0
101    $a fre
102    $a FR
103    $a  19..               
105    $a a
106    $a 1  
120    $a b
200    $7 ba0yba0y $8 fre    $9  0  $a Schlacther $b Didier
300 0  $a Ingénieur et économiste. - Enseignant à l'IEP de Paris et à l'ENA (en 1989)
801    $a FR $b FR-751131015 $c 20040505
810    $a Calcul financier / D. Schlacther, 1989 $a Comprendre les mathématiques financières / Didier Schlacther, 2004
999    $a FRBNF11923987X $b 11923987
152    $b NP

