01173cx  a2200313   4500
001 61415
003 http://catalogue.bnf.fr/ark:/12148/cb13976876g
005 20240509061455.0
010    $a 0000000117772064 $2 VIAF $d 20131024
033    $a http://catalogue.bnf.fr/ark:/12148/cb13976876g
035    $a FRBNF139768766
039    $o OPL $a 015497120
039    $o OPP $a 13618341 $d 20091016
039    $o OPP $a 13840828 $d 20091016
100    $a 19950531afrey50      ba0
102    $a US
103    $a  19440315           
105    $a a $a i
106    $a 010
120    $a b
152    $c 2 $b NP
200    $7 ba0yba0y $8 fre    $9  0  $a Stone $b Sly $f 1944-....
300    $a Chanteur de rock, de soul et de funk. - Forme le groupe the Stoners, qui deviendra en 1966 Sly & the Family Stone
510    $3 17167740 $7 ba0yba0y $8 fre    $9 20  $a The Stewart brothers
510    $5 xxxz $0 Dirige :  $3 13906562 $7 ba0yba0y $8 fre    $9 20  $a Sly & the Family Stone
801    $a FR $b FR-751131015 $c 20201209
810    $a Sly Stone : le mythe de Staggerlee / Greil Marcus, 2000
810    $a Who's who in soul music / Ralph Tee, 1991 $a Dictionnaire du rock / Mishka Assayas, 2000
999    $a FRBNF139768766 $b 13976876

