00941cx  a2200241   4500
001 61586
003 http://catalogue.bnf.fr/ark:/12148/cb12098399z
005 20240516070539.0
033    $a http://catalogue.bnf.fr/ark:/12148/cb12098399z
035    $a FRBNF120983993
039    $o OPL $a 004355205
100    $a 19840420afrey50      ba0
106    $a 200
152    $b SNG $c 2
159    $a rameau
215    $7 ba0yba0y $8 fre    $9     $a Dordogne, Vallée de la (France)
515    $5 h $3 11947257 $7 ba0yba0y $8 fre    $9     $a Dordogne $x Vallée haute de la (France)
550    $5 h $3 11947257 $7 ba0yba0y $8 fre    $9     $a Dordogne, Vallée haute de la (France)
550    $5 g $3 12009513 $7 ba0yba0y $8 fre    $9     $a Vallées $y France
686    $a 912 $2 Note de regroupement par domaine
801    $a FR $b FR-751131015 $c 20080623
822 12 $a Dordogne River Valley (France) $2 LCSH $u http://id.loc.gov/authorities/subjects/sh95009045 $d 2017-02-09
999    $a FRBNF120983993 $b 12098399

