01594cx  a2200337   4500
001 61770
003 http://catalogue.bnf.fr/ark:/12148/cb12647534p
005 20240516071337.0
033    $a http://catalogue.bnf.fr/ark:/12148/cb12647534p
035    $a FRBNF126475343
039    $o OPL $a 001539456
100    $a 19810212afrey50      ba0
106    $a 211
152    $b SNC $c 2
159    $a rameau
250    $7 ba0yba0y $8 fre    $9     $a Déchiffrage (musique)
450    $7 ba0yba0y $8 fre    $9     $a Lecture à vue (musique)
450    $7 ba0yba0y $8 fre    $9     $a Lecture et exécution de la partition
450    $7 ba0yba0y $8 fre    $9     $a Musique $x Lecture et déchiffrage
450    $7 ba0yba0y $8 fre    $9     $a Partitions $x Lecture et déchiffrage
550    $5 z $0 Voir aussi $3 11965676 $7 ba0yba0y $8 fre    $9     $a Lecture
550    $5 z $0 Voir aussi $3 11960516 $7 ba0yba0y $8 fre    $9     $a Solfège
550    $5 h $3 12260019 $7 ba0yba0y $8 fre    $9     $a Solmisation
550    $5 g $3 11932557 $7 ba0yba0y $8 fre    $9     $a Musique $x Étude et enseignement
686    $a 780 $c Musique $2 Note de regroupement par domaine
801    $a FR $b FR-751131015 $c 20240311
810    $a Dict. des mots de la musique / J. Siron, 2006 : déchiffrage ; lecture à vue $a Dict. de la musique / M. Vignal, 2006 : déchiffrage
822 12 $a Score reading and playing $2 LCSH $u http://id.loc.gov/authorities/subjects/sh85118777 $d 2024-03-11
822 12 $a Sight-reading (Music) $2 LCSH $u http://id.loc.gov/authorities/subjects/sh85122381 $d 2024-03-11
822 12 $a Partitions--Lecture et déchiffrage $2 RVMLaval $d 2024-03-11
999    $a FRBNF126475343 $b 12647534

