01692cx  a2200457   4500
001 61944
003 http://catalogue.bnf.fr/ark:/12148/cb12144945v
005 20240516072002.0
010    $a 0000000056833950 $2 ISNI $d 20131217
033    $a http://catalogue.bnf.fr/ark:/12148/cb12144945v
035    $a FRBNF121449451
039    $o OPL $a 00502776X
039    $o OPP $a 11102907 $d 20060613
039    $o OPP $a 14757312 $d 20060613
039    $o OPP $a 14857313 $d 20060613
039    $o OPP $a 10391561 $d 20060613
039    $o OPP $a 11055778 $d 20060613
039    $o OPP $a 11499991 $d 20060613
039    $o OPP $a 11640305 $d 20060613
039    $o OPP $a 11820766 $d 20060613
039    $o OPP $a 14301303 $d 20060613
039    $o OPP $a 14301302 $d 20060613
039    $o OPP $a 14988055 $d 20080923
100    $a 19900423afrey50      ba0
101    $a fre
102    $a FR
103    $a  18810807  19750811 
105    $a a
106    $a 010
120    $a b
200    $7 ba0yba0y $8 fre    $9  0  $a Delamare $b George $f 1881-1975
300    $a Homme de lettres, romancier, poète et historien. - Éditorialiste de la radio-diffusion française, directeur de Radio-Tour Eiffel (en 1927)
301    $a Besançon $b Andrésy (Yvelines)
400    $7 ba0yba0y $8 fre    $9     $a Delamare $b Georges $f 1881-1975
510    $5 xxxz $0 Dirige :  $3 15776090 $7 ba0yba0y $8 fre    $9 20  $a Le Tremplin $c Paris
801    $a FR $b FR-751131015 $c 20100625
810    $a Théoclée : roman / George Delamare, 1929 $a Paname, le caniche espion / Georges Delamare, 1933
810    $a Lorenz : né en 1886 $a WW, France 1975-1976 et 1977-1978
810    $a BN Cat. gén. suppl. $a BN Cat. gén. 1960-1969
999    $a FRBNF121449451 $b 12144945
152    $b NP

