00956cx  a2200253   4500
001 62134
003 http://catalogue.bnf.fr/ark:/12148/cb136040566
005 20240519022650.0
010    $a 0000000057456923 $2 VIAF $d 20130731
033    $a http://catalogue.bnf.fr/ark:/12148/cb136040566
035    $a FRBNF136040567
039    $o OPL $a 015304151
100    $a 20010125afrey50      ba0
101    $a fre
102    $a FR
103    $a  19600606  20010817 
105    $a a
106    $a 1  
200    $7 ba0yba0y $8 fre    $9  0  $a Santoni $b François $f 1960-2001
300 0  $a Ex-dirigeant du FNLC et de la Cuncolta naziunalista (en 2000)
801    $a FR $b FR-751131015 $c 20020523
810    $a Pour solde de tout compte : les nationalistes corses parlent / Jean-Michel Rossi, François Santoni, entretiens avec Guy Benhamou, 2000 $a Contre-enquête sur trois assassinats : Érignac, Rossi, Fratacci / François Santoni, 2002
999    $a FRBNF136040567 $b 13604056
152    $b NP

