00996cx  a2200277   4500
001 62346
003 http://catalogue.bnf.fr/ark:/12148/cb12883450v
005 20240514061846.0
010    $a 0000000110215871 $2 VIAF $d 20130730
033    $a http://catalogue.bnf.fr/ark:/12148/cb12883450v
035    $a FRBNF128834503
039    $o OPL $a 007220344
100    $a 19910702afrey50      ba0
101    $a fre
102    $a FR
103    $a  19..               
105    $a a
106    $a 1  
120    $a a
200    $7 ba0yba0y $8 fre    $9  0  $a Duperray $b Annick
300 0  $a Publie ausi en anglais
300 0  $a Professeur émérite de littérature américaine à l'Université de Provence - Aix-Marseille 1 (en 2013)
801    $a FR $b FR-751131015 $c 20140827
810    $a Paul Auster : les ambigüités de la négation / Annick Duperray, 2003 $a Henry James and the poetics of duplicity / edited by Dennis Tredy, Annick Duperray, and Adrian Harding, 2013
999    $a FRBNF128834503 $b 12883450
152    $b NP

