00976cx  a2200289   4500
001 62528
003 http://catalogue.bnf.fr/ark:/12148/cb12487866m
005 20240519024057.0
010    $a 0000000110724473 $2 VIAF $d 20130729
033    $a http://catalogue.bnf.fr/ark:/12148/cb12487866m
035    $a FRBNF124878662
039    $o OPL $a 011770493
100    $a 19951027afrey50      ba0
101    $a eng
102    $a US
103    $a  19470128  2009     
105    $a a
106    $a 1  
152    $c 2 $b NP
200    $7 ba0yba0y $8 fre    $9  0  $a Parker $b Barbara $f 1947-2009
300 0  $a A été pendant 13 ans procureur général au DA's (Miami)
400    $7 ba0yba0y $8 fre    $9     $a Parker $b Barbara Jeanne $f 1947-2009
801    $a FR $b FR-751131015 $c 20091106
810    $a Délit d'innocence / Barbara Parker ; trad. de l'américain par Edith Magyar, 1995
810    $a BLNA, 1995-09
810    $a LCNA (CD), 1994-12 : Parker, Barbara (Barbara J.)
999    $a FRBNF124878662 $b 12487866

