02072cx  a2200409   4500
001 62705
003 http://catalogue.bnf.fr/ark:/12148/cb16513199z
005 20240518055028.0
033    $a http://catalogue.bnf.fr/ark:/12148/cb16513199z
035    $a FRBNF165131991
100    $a 20110530afrey50      ba0
106    $a 211
152    $b SNC $c 2
159    $a rameau
250    $7 ba0yba0y $8 fre    $9     $a Designers de mode
305 1  $a Voir aussi les vedettes du type Designers de mode [adjectif ethnique, de nationalité ou géographique], par ex. : Designers de mode français d'origine étrangère
450    $7 ba0yba0y $8 fre    $9     $a Créateurs de mode
450    $7 ba0yba0y $8 fre    $9     $a Couturiers, Grands
450    $7 ba0yba0y $8 fre    $9     $a Couturiers (créateurs de mode)
450    $7 ba0yba0y $8 fre    $9     $a Grands couturiers
450    $7 ba0yba0y $8 fre    $9     $a Mode, Designers de
450    $7 ba0yba0y $8 fre    $9     $a Stylistes de mode
550    $5 z $0 Voir aussi $3 17762704 $7 ba0yba0y $8 fre    $9     $a Couturiers
550    $5 z $0 Voir aussi $3 12320946 $7 ba0yba0y $8 fre    $9     $a Dessinateurs de mode
550    $5 z $0 Voir aussi $3 12047426 $7 ba0yba0y $8 fre    $9     $a Haute couture
550    $5 z $0 Voir aussi $3 12652382 $7 ba0yba0y $8 fre    $9     $a Mode $x Design
550    $5 g $3 11983479 $7 ba0yba0y $8 fre    $9     $a Designers
686    $a 305 $2 Note de regroupement par domaine
686    $a 330 $c Economie $2 Note de regroupement par domaine
686    $a 740 $c Dessin, arts décoratifs, artisanat d'art $2 Note de regroupement par domaine
801    $a FR $b FR-751131015 $c 20171227
810    $a Trésor de la langue française (art. : Grand) : grand couturier
810    $a Créateurs de mode / P. Golbin, 1999 $a Annuaire de la mode : créateur et création de mode - http://www.createur-de-mode.fr (2017-12-27)
822 12 $a Fashion designers $2 LCSH $u http://id.loc.gov/authorities/subjects/sh91001411 $d 2017-12-27
822 12 $a Couturiers (Créateurs de mode) $2 RVMLaval $d 2017-12-27
856    $u http://www.createur-de-mode.fr $e 2017-12-27
999    $a FRBNF165131991 $b 16513199

