01325cx  a2200265   4500
001 62981
003 http://catalogue.bnf.fr/ark:/12148/cb12084879j
005 20230917070338.0
010    $a 0000000033617403 $2 VIAF $d 20130724
033    $a http://catalogue.bnf.fr/ark:/12148/cb12084879j
035    $a FRBNF120848796
039    $o OPL $a 004127333
100    $a 19880915afrey50      ba0
101    $a fre
102    $a FR
103    $a  19570809           
105    $a a $a p
106    $a 1  
120    $a b
200    $7 ba0yba0y $8 fre    $9  0  $a Greff $b Jean-Pierre $f 1957-....
300 0  $a Directeur de l'École supérieure des arts décoratifs de Strasbourg, ESAD (en 2003). - Directeur de la HEAD, Haute école d'art et de design de Genève (en 2014)
801    $a FR $b FR-751131015 $c 20141006
810    $a Asse, Bazaine, J. Bony, Collot, Gutherz, Elvire Jean, Lautrec, Le Moal, Manessier, C. de Rougemont : [exposition, Musée de Saint- Dié... Bibliothèque municipale... 1988] / texte [et catalogue] de Jean-Pierre Greff, 1988 $a Lisière de ville : atelier paysage 2001-2002, option design / [animé par Agnès Daval] ; [publ. sous la dir. de Jean-Pierre Greff], [ca 2003] $a Dérive : ramifications d'une notion polysémique / [sous la direction de Jean-Pierre Greff]..., cop. 2014
999    $a FRBNF120848796 $b 12084879
152    $b NP

