01148cx  a2200325   4500
001 63225
003 http://catalogue.bnf.fr/ark:/12148/cb12316755t
005 20240505071941.0
010    $a 0000000110218474 $2 VIAF $d 20130726
033    $a http://catalogue.bnf.fr/ark:/12148/cb12316755t
035    $a FRBNF123167550
039    $o OPL $a 009022546
039    $o OPP $a 11202089 $d 20200618
100    $a 19930614afrey50      ba0
101    $a eng
102    $a US
103    $a  19100704  19781027 
105    $a a
106    $a 1  
120    $a b
152    $c 2 $b NP
200    $7 ba0yba0y $8 fre    $9  0  $a Gilmore $b Myron Piper $f 1910-1978
300 0  $a Historien. - Professeur, Department of history, Harvard University, Cambridge, Mass.
301    $a Walpole, Mass. $b Cambridge, Mass.
801    $a FR $b FR-751131015 $c 20200618
810    $a Le monde de l'Humanisme : 1453-1517 / Myron P. Gilmore ; préf. de Augustin Renaudet ; trad. de Anne-Marie Cabrini, 1955
810    $a LC Authorities - http://authorities.loc.gov (2020-06-18)
810    $a BN Cat. gén. suppl.
856    $u http://authorities.loc.gov $e 2020-06-18
999    $a FRBNF123167550 $b 12316755

