01348cx  a2200337   4500
001 63408
003 http://catalogue.bnf.fr/ark:/12148/cb12408339x
005 20240505072856.0
010    $a 000000002680709X $2 VIAF $d 20130726
033    $a http://catalogue.bnf.fr/ark:/12148/cb12408339x
035    $a FRBNF124083393
039    $o OPL $a 010401027
039    $o OPP $a 16812128 $d 20170927
100    $a 19940721afrey50      ba0
101    $a fre
102    $a FR
103    $a  19111129  20050805 
105    $a a
106    $a 1  
120    $a b
200    $7 ba0yba0y $8 fre    $9  0  $a Drouillet $b Jean $f 1911-2005
300 0  $a Spécialiste du folklore nivernais. - Membre de l'Académie des provinces de France
301    $a Parisi $b Neuilly-sur-Seine
520    $5 xxxk $0 Membre de :  $3 14469173 $7 ba0yba0y $8 fre    $9  0  $a Drouillet $c les frères
801    $a FR $b FR-751131015 $c 20180918
810    $a Folklore du Nivernais et du Morvan : êtres fantastiques, sorcellerie, médecine populaire / Jean Drouillet, 1964
810    $a BN Cat. gén. 1960-1969
810    $a Saint-Bénin d'Azy - http://beninois.free.fr (2003-04-25) $a Wikipédia - https://fr.wikipedia.org/wiki/Jean_Drouillet (2018-09-18)
856    $u http://beninois.free.fr $e 2003-04-25 $u https://fr.wikipedia.org/wiki/Jean_Drouillet $e 2018-09-18
999    $a FRBNF124083393 $b 12408339
152    $b NP

