01189cx  a2200301   4500
001 63573
003 http://catalogue.bnf.fr/ark:/12148/cb124456851
005 20240505073030.0
010    $a 000000010855062X $2 VIAF $d 20130726
033    $a http://catalogue.bnf.fr/ark:/12148/cb124456851
035    $a FRBNF124456853
039    $o OPL $a 010912089
100    $a 19950131afrey50      ba0
101    $a ger
102    $a DE
103    $a  1930               
105    $a a
106    $a 010
120    $a b
152    $c 2 $b NP
200    $7 ba0yba0y $8 fre    $9  0  $a Schmitt $b Hatto Herbert $f 1930-....
300    $a Historien. - Professeur, Institut für Alte Geschichte der Universität München, Allemagne (en 1994)
801    $a FR $b FR-751131015 $c 20110321
810    $a Untersuchungen zur geschichte Antiochos' des grossen und seiner Zeit / von Hatto H. Schmitt, 1964
810    $a Deutsche Nationalbibliothek : Schmitt, Hatto H. (Hatto Herbert) - http://www.d-nb.de (2011-03-21) $a LC Authorities - http://authorities.loc.gov (2011-03-21)
810    $a BN Cat. gén. 1960-1969
856    $u http://www.d-nb.de $e 2011-03-21 $u http://authorities.loc.gov $e 2011-03-21
999    $a FRBNF124456853 $b 12445685

