02229cx  a2200541   4500
001 63957
003 http://catalogue.bnf.fr/ark:/12148/cb11891727r
005 20240506055214.0
010    $a 0000000121392988 $2 ISNI $d 20170818
033    $a http://catalogue.bnf.fr/ark:/12148/cb11891727r
035    $a FRBNF118917274
039    $o OPL $a 001841846 $z AMA
039    $o OPL $a 000475196 $z APP
039    $o OPP $a 11136315 $d 20080111
039    $o OPP $a 13929178 $d 20080111
039    $o OPP $a 14297180 $d 20080111
039    $o OPP $a 11580030 $d 20080111
039    $o OPP $a 11579996 $d 20080111
039    $o OPP $a 11579948 $d 20080111
039    $o OPP $a 10744566 $d 20100203
039    $o OPP $a 11350123 $d 20100203
039    $o OPP $a 11350124 $d 20100203
039    $o OPP $a 11350631 $d 20100203
039    $o OPP $a 11350630 $d 20100203
039    $o OPP $a 16283960 $d 20190225
100    $a 19790109afrey50      ba0
101    $a fre
102    $a FR
103    $a  18070420  18410429 
105    $a a
106    $a 010
120    $a b
200    $7 ba0yba0y $8 fre    $9  0  $a Bertrand $b Aloysius $f 1807-1841
301    $a Ceva, Italie $b Paris
400    $7 ba0yba0y $8 fre    $9     $a Bertrand $b Louis $f 1807-1841
400    $5 e $7 ba0yba0y $8 fre    $9     $a Bertrand $b Ludovic $f 1807-1841
400    $7 ba0yba0a $8 frerus $9     $a Bertran $b Aloiziûs $f 1807-1841
400    $7 ba0yca0y $8 frerus $9     $a Бертран $b Алоизиюс $f 1807-1841
540    $3 18133418 $a Israël-Meyer $b Pierre $f 1933-1979 $t [La nuit et ses prestiges]
540    $3 16242010 $a Reverdy $b Michèle $f 1943-.... $t [Trois fantaisies de Gaspard de la nuit]
686    $a 800 $c Histoire et critique littéraires $2 Note de regroupement par domaine
801    $a FR $b FR-751131015 $c 20190225
810    $a Gaspard de la nuit : fantaisies à la manière de Rembrandt et de Callot / par Louis Bertrand, 1868 $a Oeuvres poétiques / Alyosius Bertrand, 1977
810    $a GDEL : Bertrand (Louis-Jacques-Napoléon, dit Aloysius) $a Talvart et Place $a Beaumarchais
810    $a BN Cat. gén. : Bertrand (Louis-Jacques-Napoléon, plus connu sous le prénom de Aloïsius) $a BN Cat. gén. supp. $a BN Cat. gén. 1960-1969
815    $a DBF. - Larousse 19e s.
999    $a FRBNF118917274 $b 11891727
152    $b NP

