01119cx  a2200301   4500
001 64173
003 http://catalogue.bnf.fr/ark:/12148/cb120753258
005 20240514050717.0
010    $a 0000000118623749 $2 VIAF $d 20130724
033    $a http://catalogue.bnf.fr/ark:/12148/cb120753258
035    $a FRBNF120753259
039    $o OPL $a 004026829 $z APP
039    $o OPL $a 015837320 $z AMA
100    $a 19880519afrey50      ba0
101    $a fre
102    $a FR
103    $a  19081217  19940512 
105    $a a $a p
106    $a 010
120    $a b
200    $7 ba0yba0y $8 fre    $9  0  $a Bernard $b Jean $f 1908-1994
300    $a Artiste-peintre et graveur. - A été fondateur et président de l'Association ouvrière des compagnons du devoir du Tour de France
801    $a FR $b FR-751131015 $c 20150921
810    $a Mémoires d'un compagnon / Agricol Perdiguier ; [préf. de Jean Bernard], 1977 $a Le Compagnonnage : rencontre de la jeunesse et de la tradition / Jean Bernard, 1982
810    $a WW, France 1993-1994
810    $a BN Cat. gén. 1960-1969 : Bernard (Jean), 1908-
999    $a FRBNF120753259 $b 12075325
152    $b NP

