01077cx  a2200277   4500
001 64360
003 http://catalogue.bnf.fr/ark:/12148/cb144405745
005 20240506060210.0
010    $a 0000000001380560 $2 VIAF $d 20130801
033    $a http://catalogue.bnf.fr/ark:/12148/cb144405745
035    $a FRBNF144405745
100    $a 20021206afrey50      ba0
101    $a fre
102    $a FR
103    $a  19..      ....     
105    $a a $a i
106    $a 1  
120    $a a
200    $7 ba0yba0y $8 fre    $9  0  $a Gremaud $b Florence
300 0  $a Titulaire d'un DEA de lettres moderne. - Violoniste, journaliste spécialisée en joaillerie, auteur d'ouvrages pour la jeunesse
801    $a FR $b FR-751131015 $c 20111115
810    $a J'ai un mot sur la langue / Florence Gremaud et Serge Pinchon ; ill. par Hervé Coffinières, 2002 $a Recettes d'enfance / Audrey Aveaux et Florence Gremaud, DL 2007
810    $a Internet - http://www.sommet-du-luxe.com/index (2008-01-30)
856    $u http://www.sommet-du-luxe.com/index. $e 2008-01-30
999    $a FRBNF144405745 $b 14440574
152    $b NP

