00736nx  a2200253   4500
001 64549
003 http://catalogue.bnf.fr/ark:/12148/cb12382820x
005 20240506061356.0
010    $a 0000000001734517 $2 VIAF $d 20130726
033    $a http://catalogue.bnf.fr/ark:/12148/cb12382820x
035    $a FRBNF123828208
039    $o OPL $a 010084146
039    $o OPP $a 10353110 $d 20170927
100    $a 19940405afrey50      ba0
101    $a fre
102    $a FR
103    $a  1865      1912     
105    $a a
106    $a 1  
200    $7 ba0yba0y $8 fre    $9  0  $a Gaulis $b Georges $f 1865-1912
801    $a FR $b FR-751131015 $c 19940405
810    $a Les Questions d'Orient / par Georges Gaulis, 1905
999    $a FRBNF123828208 $b 12382820
152    $b NP

