01432cx  a2200373   4500
001 64726
003 http://catalogue.bnf.fr/ark:/12148/cb12618778g
005 20240506062446.0
010    $a 0000000109375755 $2 VIAF $d 20130729
033    $a http://catalogue.bnf.fr/ark:/12148/cb12618778g
035    $a FRBNF126187782
039    $o OPL $a 000995019
039    $o OPP $a 11268943 $d 20070917
039    $o OPP $a 11560508 $d 20070917
039    $o OPP $a 13219917 $d 20070917
039    $o OPP $a 15141750 $d 20070917
039    $o OPP $a 14962214 $d 20070917
039    $o OPP $a 16815895 $d 20160805
100    $a 19760302afrey50      ba0
101    $a fre
102    $a FR
103    $a  1913      20000329 
105    $a a
106    $a 1  
120    $a a
200    $7 ba0yba0y $8 fre    $9  0  $a Laureilhe $b Marie-Thérèse $f 1913-2000
300 0  $a Conservateur honoraire à la Bibliothèque nationale de France. - Trésorière honoraire de la Société de l'histoire de l'art français (SHAF)
301    $a Paris
801    $a FR $b FR-751131015 $c 20160805
810    $a Le Thesaurus : son rôle, sa structure, son élaboration. 2e éd. / par Marie-Thérèse Laureilhe ; [publié par l'] E.N.S.B. [École nationale supérieure des bibliothèques], 1981
810    $a BN Cat. gén. suppl. $a BN Cat. gén. 1960-1969
810    $a Le Figaro, le 3-8 /04/2000, (article nécrologique, date non renseignée)
999    $a FRBNF126187782 $b 12618778
152    $b NP

