01344cx  a2200337   4500
001 64894
003 http://catalogue.bnf.fr/ark:/12148/cb13475525n
005 20240506063745.0
010    $a 0000000080892416 $2 VIAF $d 20130730
033    $a http://catalogue.bnf.fr/ark:/12148/cb13475525n
035    $a FRBNF134755252
039    $o OPL $a 013445566
039    $o OPP $a 14298497 $d 20090603
039    $o OPP $a 15452618 $d 20101119
100    $a 19970912afrey50      ba0
101    $a fre
102    $a FR
103    $a  18660526  19400630 
105    $a a
106    $a 010
120    $a b
200    $7 ba0yba0y $8 fre    $9  0  $a Brulat $b Paul $f 1866-1940
300    $a Journaliste et romancier. - Collabora à "La presse", "Le journal", au "Censeur". - Co-fondateur de la Société littéraire des amis d'Émile Zola
301    $a Saint-Jean-de-Muzols (Ardèche) $b Le Chesnay (Yvelines)
801    $a FR $b FR-751131015 $c 20170530
810    $a Lumières et grandes ombres : souvenirs et confidences / Paul Brulat, 1930
810    $a Histoire littéraire - http://histoirelitter.canalblog.com (2017-05-30) $a DBF [mort à Versailles le 20 juin 1940] $a Talvart et Place $a Qui êtes-vous ? annuaire des contemporains, 1924
810    $a BN Cat. gén.
856    $u http://histoirelitter.canalblog.com $e 2017-05-30
999    $a FRBNF134755252 $b 13475525
152    $b NP

