01603cx  a2200337   4500
001 65073
003 http://catalogue.bnf.fr/ark:/12148/cb120439056
005 20240508020042.0
033    $a http://catalogue.bnf.fr/ark:/12148/cb120439056
035    $a FRBNF120439059
039    $o OPL $a 00342584X
100    $a 19870701afrey50      ba0
106    $a 221
152    $b SNC $c 2
159    $a rameau
250    $7 ba0yba0y $8 fre    $9     $a Comptages
305 1  $a Voir aussi la subdivision Observations aux sujets scientifiques pour le traitement et l'utilisation de données numériques obtenues par observation de phénomènes naturels, ou pour ces données elles-mêmes
305 1  $a Voir aussi la subdivision Populations aux êtres vivants
330    $a S'emploie uniquement en subdivision aux êtres vivants
450    $7 ba0yba0y $8 fre    $9   2 $a Comptage
450    $7 ba0yba0y $8 fre    $9     $a Dénombrement
550    $5 z $0 Voir aussi $3 18080438 $7 ba0yba0y $8 fre    $9     $a Calcul digital
550    $5 z $0 Voir aussi $3 11975850 $7 ba0yba0y $8 fre    $9     $a Observations
550    $5 z $0 Voir aussi $3 11977149 $7 ba0yba0y $8 fre    $9     $a Populations
550    $5 z $0 Voir aussi $3 12514450 $7 ba0yba0y $8 fre    $9     $a Animaux $x Comptages
550    $5 z $0 Voir aussi $3 12514451 $7 ba0yba0y $8 fre    $9     $a Plantes $x Comptages
686    $a 510 $c Mathématiques $2 Note de regroupement par domaine
686    $a 570 $c Sciences de la vie $2 Note de regroupement par domaine
801    $a FR $b FR-751131015 $c 20041011
822 1  $a Counting $2 LCSH $u http://id.loc.gov/authorities/subjects/sh85033451 $d 2004-10-11
999    $a FRBNF120439059 $b 12043905

