01220cx  a2200277   4500
001 65278
003 http://catalogue.bnf.fr/ark:/12148/cb11962259s
005 20240508020212.0
033    $a http://catalogue.bnf.fr/ark:/12148/cb11962259s
035    $a FRBNF119622597
039    $o OPL $a 001929303
100    $a 19840430afrey50      ba0
106    $a 210
152    $b SNG $c 2
159    $a rameau
215    $7 ba0yba0y $8 fre    $9     $a Scandinavie $x Histoire
515    $5 h $3 12262800 $7 ba0yba0y $8 fre    $9     $a Scandinavie $z Jusqu'à 1397
550    $5 z $0 Voir aussi $3 12078665 $7 ba0yba0y $8 fre    $9     $a Découverte et exploration scandinaves
550    $5 z $0 Voir aussi $3 18105523 $7 ba0yba0y $8 fre    $9     $a Participation scandinave
550    $5 z $0 Voir aussi $3 11941163 $7 ba0yba0y $8 fre    $9     $a Scandinavie
550    $5 h $3 12262800 $7 ba0yba0y $8 fre    $9     $a Scandinavie $z Jusqu'à 1397
686    $a 940 $c Histoire médiévale, moderne et contemporaine (sauf la France) $2 Note de regroupement par domaine
801    $a FR $b FR-751131015 $c 20231027
822 12 $a Scandinavia--History $2 LCSH $u http://id.loc.gov/authorities/subjects/sh85117944 $d 2023-10-27
822 12 $a Scandinavie--Histoire $2 RVMLaval $d 2023-10-27
999    $a FRBNF119622597 $b 11962259

