00725cx  a2200241   4500
001 65442
003 http://catalogue.bnf.fr/ark:/12148/cb15559092d
005 20240515023011.0
010    $a 0000000005292365 $2 VIAF $d 20130806
033    $a http://catalogue.bnf.fr/ark:/12148/cb15559092d
035    $a FRBNF155590925
100    $a 20070828afrey50      ba0
101    $a fre
102    $a FR
103    $a  19..               
105    $a a
106    $a 1  
120    $a a
200    $7 ba0yba0y $8 fre    $9  0  $a Loubatié $b Marie-Hélène
801    $a FR $b FR-751131015 $c 20070828
810    $a Laos, pays de la sérénité / texte et photographies de Marie-Hélène Loubatié, cop. 2006
999    $a FRBNF155590925 $b 15559092
152    $b NP

