00950cx  a2200265   4500
001 65794
003 http://catalogue.bnf.fr/ark:/12148/cb135622341
005 20240513071616.0
010    $a 000000004039819X $2 VIAF $d 20130731
033    $a http://catalogue.bnf.fr/ark:/12148/cb135622341
035    $a FRBNF135622340
039    $o OPL $a 015009852
100    $a 20000704afrey50      ba0
101    $a fre
102    $a FR
103    $a  19740228           
105    $a a
106    $a 1  
120    $a b
200    $7 ba0yba0y $8 fre    $9  0  $a Rittaud $b Benoît $f 1974-....
300 0  $a Maître de conférences à l'Université Paris 13 (Paris-Nord - Villetaneuse) et chercheur en mathématiques à l'Institut Galilée (en 2000). - Essayiste. - Président de l'Association des Climato-réalistes (en 2016).
801    $a FR $b FR-751131015 $c 20161220
810    $a La géométrie classique / Benoît Rittaud, 2000
999    $a FRBNF135622340 $b 13562234
152    $b NP

