00818cx  a2200265   4500
001 66007
003 http://catalogue.bnf.fr/ark:/12148/cb137607588
005 20240508023113.0
010    $a 0000000055147684 $2 ISNI $d 20150312
033    $a http://catalogue.bnf.fr/ark:/12148/cb137607588
035    $a FRBNF137607586
039    $o OPL $a 015692679
100    $a 20010926afrey50      ba0
101    $a eng
102    $a GB
103    $a  19..               
105    $a a
106    $a 1  
120    $a b
152    $c 2 $b NP
200    $7 ba0yba0y $8 fre    $9  0  $a Lyon $b Russell
300 0  $a Vétérinaire équin. - Animateur à la radio anglaise (en 2007)
801    $a FR $b FR-751131015 $c 20071130
810    $a Un cheval au quotidien / Mary Gordon Watson, Russell Lyon, Sue Montgomery, DL 2007
999    $a FRBNF137607586 $b 13760758

