01015cx  a2200289   4500
001 66179
003 http://catalogue.bnf.fr/ark:/12148/cb14407801n
005 20240506053550.0
010    $a 0000000086110366 $2 VIAF $d 20130801
033    $a http://catalogue.bnf.fr/ark:/12148/cb14407801n
035    $a FRBNF144078012
100    $a 20020524afrey50      ba0
101    $a fre $t cze $t ger
102    $a FR
103    $a  19..      ....     
105    $a a
106    $a 1  
120    $a b
200    $7 ba0yba0y $8 fre    $9  0  $a Haubtmann $b Vincent
300 0  $a Traducteur
801    $a FR $b FR-751131015 $c 20100922
810    $a Voyager avec la petite taupe / illustrations de Zdeněk Miler ; textes de Ondřej Müller et Irena Tatičková ; [traduit du tchèque par Vincent Haubtmann], 2010
810    $a Bibliothèque nationale, République tchèque - http://www.nkp.cz (2010-09-22)
810    $a BnF Service tchèque, 2010-09-22
856    $u http://www.nkp.cz $e 2010-09-22
999    $a FRBNF144078012 $b 14407801
152    $b NP

