01146cx  a2200301   4500
001 66355
003 http://catalogue.bnf.fr/ark:/12148/cb11925637g
005 20240508070225.0
010    $a 0000000108877745 $2 VIAF $d 20130724
033    $a http://catalogue.bnf.fr/ark:/12148/cb11925637g
035    $a FRBNF119256370
039    $o OPL $a 001386010
039    $o OPP $a 11088440 $d 20110420
039    $o OPP $a 13224363 $d 20110420
100    $a 19750930afrey50      ba0
101    $a fre
102    $a FR
103    $a  19290610  19951216 
105    $a a
106    $a 1  
200    $7 ba0yba0y $8 fre    $9  0  $a Strasser $b Daniel $f 1929-1995
300 0  $a Ancien directeur général des budgets de la Commission européenne et membre de la Cour des comptes des Communautés européennes
301    $a Paris
801    $a FR $b FR-751131015 $c 20110420
810    $a Les Finances de l'Europe : le droit budgétaire et financier des communautés  européennes / Daniel Strasser, 1990
810    $a WW, France 1994-1995 $a Monde, 1995-12-20 et 1995-15-21 $a Qui était qui, XXe siècle / Béatrice et Michel Wattel, 2005
999    $a FRBNF119256370 $b 11925637
152    $b NP

