01354cx  a2200337   4500
001 66530
003 http://catalogue.bnf.fr/ark:/12148/cb119205986
005 20240508071028.0
010    $a 0000000110291065 $2 ISNI $d 20160215
033    $a http://catalogue.bnf.fr/ark:/12148/cb119205986
035    $a FRBNF119205988
039    $o OPL $a 001247562
100    $a 19790503afrey50      ba0
101    $a ger
102    $a DE
103    $a  19231020  20130218 
105    $a a
106    $a 010
120    $a b
152    $c 2 $b NP
200    $7 ba0yba0y $8 fre    $9  0  $a Preussler $b Otfried $f 1923-2013
300    $a Auteur de livres pour la jeunesse. - A aussi utilisé le pseudonyme : Jeremias Punktum
301    $a Reichenberg, Tchécoslovaquie
400    $7 ba0yba0y $8 fre    $9     $a Preussler $b Ottfried $f 1923-2013
400    $7 ba0yba0y $8 fre    $9     $a Preußler $b Otfried $f 1923-2013
801    $a FR $b FR-751131015 $c 20160112
810    $a La Légende de la licorne / O. Preussler, G. Spirin, 1989 $a Krabat / Otfried Preussler, 1981
810    $a Bibliothèque nationale, Allemagne : Preußler, Otfried, 1923- - http://www.ddb.de (2003-04-17) $a VIAF - http://viaf.org/viaf/71396478 (2016-01-12)
856    $u http://www.preussler.de $e 2004-12-03
856    $u http://www.ddb.de $e 2003-04-17 $u http://viaf.org/viaf/71396478 $e 2016-01-12
999    $a FRBNF119205988 $b 11920598

