01013cx  a2200265   4500
001 66712
003 http://catalogue.bnf.fr/ark:/12148/cb11213911q
005 20240508071806.0
033    $a http://catalogue.bnf.fr/ark:/12148/cb11213911q
035    $a FRBNF112139119
100    $a 19970701afrey50      ba0
101    $a eng
102    $a NZ
103    $a  19..               
105    $a a
106    $a 1  
120    $a b
152    $c 2 $b NP
200    $7 ba0yba0y $8 fre    $9  0  $a Temple-Perkins $b Eric A.
300 0  $a Ancien chasseur dans l'administration coloniale britanique en Afrique. - Conservateur honoraire du parc Reine Élisabeth. - Membre de la Royal geographical society de Londres (en 1956)
400    $7 ba0yba0y $8 fre    $9     $a Temple Perkins $b E. A.
400    $7 ba0yba0y $8 fre    $9     $a Perkins $b Eric A. Temple-
801    $a FR $b FR-751131015 $c 20091116
810    $a Le royaume des éléphants : trente-cinq ans de chasse en Ouganda / Eric A. Temple-Perkins, impr. 2009
999    $a FRBNF112139119 $b 11213911

