00802cx  a2200265   4500
001 66896
003 http://catalogue.bnf.fr/ark:/12148/cb13570723g
005 20240516021142.0
010    $a 0000000435234640 $2 ISNI $d 20160215
033    $a http://catalogue.bnf.fr/ark:/12148/cb13570723g
035    $a FRBNF135707239
039    $o OPL $a 015131607
100    $a 20000929afrey50      ba0
101    $a fre $t eng
102    $a FR
103    $a  19620321           
105    $a a
106    $a 1  
120    $a a
200    $7 ba0yba0y $8 fre    $9  0  $a Bellot $b Florence $f 1962-....
300 0  $a Traductrice
801    $a FR $b FR-751131015 $c 20100203
810    $a De l'autre côté de l'océan : roman / Robin Pilcher ; trad. de l'américain par Florence Bellot, 2000
999    $a FRBNF135707239 $b 13570723
152    $b NP

