00864nx  a2200253   4500
001 67065
003 http://catalogue.bnf.fr/ark:/12148/cb136193313
005 20240513022458.0
010    $a 0000000003026119 $2 ISNI $d 20150312
033    $a http://catalogue.bnf.fr/ark:/12148/cb136193313
035    $a FRBNF136193310
039    $o OPL $a 015511381
100    $a 20010607afrey50      ba0
101    $a fre
102    $a FR
103    $a  19400513           
105    $a a
106    $a 1  
200    $7 ba0yba0y $8 fre    $9  0  $a Thomas $b Pierre $f 1940-....
300 0  $a Traduit de l'allemand en français
801    $a FR $b FR-751131015 $c 20010607
810    $a Pouvons nous être amis, Petit Lièvre ? / une histoire racontée par Jutta Langreuter ; illustrée par Andrea Hebrock ; traduite de l'allemand par Pierre Thomas, 2001
999    $a FRBNF136193310 $b 13619331
152    $b NP

