00977cx  a2200301   4500
001 67229
003 http://catalogue.bnf.fr/ark:/12148/cb13899841s
005 20240512042918.0
010    $a 0000000055141987 $2 VIAF $d 20130731
033    $a http://catalogue.bnf.fr/ark:/12148/cb13899841s
035    $a FRBNF138998419
039    $o OPP $a 13812052 $d 20070705
039    $o OPP $a 13840186 $d 20070705
100    $a 19890601afrey50      ba0
102    $a US
103    $a  19100807  19650810 
105    $a a $a i
106    $a 1  
120    $a b
152    $c 2 $b NP
200    $7 ba0yba0y $8 fre    $9  0  $a Slack $b Freddie $f 1910-1965
300 0  $a Pianiste. - Chef d'orchestre. - Jazz. - Boogie
301    $a LaCross, Wis $b Hollywood, Calif
400    $7 ba0yba0y $8 fre    $9     $a Slack $b Freddy $f 1910-1965
510    $5 xxxz $0 Dirige :  $3 15545554 $7 ba0yba0y $8 fre    $9 20  $a Freddie Slack and his orchestra
801    $a FR $b FR-751131015 $c 20070705
810    $a Kinkle
999    $a FRBNF138998419 $b 13899841

