01043cx  a2200313   4500
001 67398
003 http://catalogue.bnf.fr/ark:/12148/cb11024982b
005 20240508075107.0
010    $a 0000000083595521 $2 VIAF $d 20130724
033    $a http://catalogue.bnf.fr/ark:/12148/cb11024982b
035    $a FRBNF110249823
039    $o OPP $a 14913829 $d 20111226
039    $o OPP $a 16484634 $d 20190102
100    $a 19970701afrey50      ba0
101    $a fre
102    $a FR
103    $a  19200908  19860318 
105    $a a
106    $a 1  
120    $a b
200    $7 ba0yba0y $8 fre    $9  0  $a Maurois $b Gérald $f 1920-1986
300 0  $a Photographe. - Fils d'André Maurois (1885-1967)
301    $a Neuilly-sur-Seine $b Neuilly-sur-Seine
801    $a FR $b FR-751131015 $c 20190102
810    $a Languedoc méditerranéen / présentation de André Chamson ; photographies de Gérald Maurois, 1956
810    $a ABF: article : Maurois (André)
810    $a BN Cat. gén. suppl. $a BN Cat. gén. 1960-1969
999    $a FRBNF110249823 $b 11024982
152    $b NP

