01113cx  a2200361   4500
001 67588
003 http://catalogue.bnf.fr/ark:/12148/cb148084662
005 20240508075904.0
010    $a 0000000388810712 $2 ISNI $d 20131217
033    $a http://catalogue.bnf.fr/ark:/12148/cb148084662
035    $a FRBNF148084660
039    $o OPL $a 013481893
039    $o OPL $a 011356318
039    $o OPP $a 13200474 $d 20130320
039    $o OPP $a 11246037 $d 20130320
039    $o OPP $a 11842993 $d 20130320
039    $o OPP $a 13011829 $d 20130320
100    $a 19990628afrey50      ba0
101    $a fre
102    $a FR
103    $a  1885      1965     
105    $a a
106    $a 010
120    $a b
200    $7 ba0yba0y $8 fre    $9  0  $a Pringué $b Gabriel-Louis $f 1885-1965
300    $a Écrivain
686    $a 800 $c Histoire et critique littéraires $2 Note de regroupement par domaine
801    $a FR $b FR-751131015 $c 20201113
810    $a 30 ans de dîners en ville / Gabriel-Louis Pringué, DL 2012
810    $a Bottin mondain, 1953
810    $a BN Cat. gén. suppl.
999    $a FRBNF148084660 $b 14808466
152    $b NP

