00812nx  a2200253   4500
001 67782
003 http://catalogue.bnf.fr/ark:/12148/cb12503922t
005 20240509020102.0
010    $a 0000000110210261 $2 VIAF $d 20130729
033    $a http://catalogue.bnf.fr/ark:/12148/cb12503922t
035    $a FRBNF125039229
039    $o OPL $a 012256609
100    $a 19951013afrey50      ba0
101    $a fre
102    $a FR
105    $a a
106    $a 1  
200    $7 ba0yba0y $8 fre    $9  0  $a Rousseau $b André-Michel
300 0  $a Maître de conférences à la Faculté des lettres d'Aix-en-Provence (en 1967)
801    $a FR $b FR-751131015 $c 19960222
810    $a La littérature comparée / Claude Pichois et André-M. Rousseau, 1967
810    $a BN Cat. gén. 1960-1969
999    $a FRBNF125039229 $b 12503922
152    $b NP

