00815cx  a2200277   4500
001 67967
003 http://catalogue.bnf.fr/ark:/12148/cb13760673w
005 20240506064924.0
010    $a 000000005887916X $2 VIAF $d 20130731
033    $a http://catalogue.bnf.fr/ark:/12148/cb13760673w
035    $a FRBNF137606737
039    $o OPL $a 015688481
100    $a 20010924afrey50      ba0
101    $a fre
102    $a FR
103    $a  1971               
105    $a a
106    $a 1  
120    $a b
200    $7 ba0yba0y $8 fre    $9  0  $a Héaume $b Stéphane $f 1971-....
300 0  $a Romancier
540    $3 16748876 $a Escaich $b Thierry $f 1965-.... $t [Les miroirs de la ville]
801    $a FR $b FR-751131015 $c 20070928
810    $a Le Clos Lothar / Stéphane Héaume, 2002
999    $a FRBNF137606737 $b 13760673
152    $b NP

