00740cx  a2200241   4500
001 68146
003 http://catalogue.bnf.fr/ark:/12148/cb11927793q
005 20240516073800.0
010    $a 000000037877018X $2 ISNI $d 20160215
033    $a http://catalogue.bnf.fr/ark:/12148/cb11927793q
035    $a FRBNF119277934
039    $o OPL $a 001447292
100    $a 19760121afrey50      ba0
101    $a fre
102    $a FR
105    $a a
106    $a 1  
200    $7 ba0yba0y $8 fre    $9  0  $a Vavasseur $b Renée
300 0  $a Traduit de l'anglais en français
801    $a FR $b FR-751131015 $c 19890328
810    $a La Grande fenêtre / R. Chandler ; trad. del'anglais par R. Vavasseur et M. Duhamel, 1988
999    $a FRBNF119277934 $b 11927793
152    $b NP

