00941cx  a2200289   4500
001 68330
003 http://catalogue.bnf.fr/ark:/12148/cb12056546m
005 20240517074057.0
010    $a 0000000078302317 $2 VIAF $d 20130724
033    $a http://catalogue.bnf.fr/ark:/12148/cb12056546m
035    $a FRBNF120565467
039    $o OPL $a 003722890
100    $a 19840420afrey50      ba0
101    $a fre
102    $a FR
103    $a  1951      20160521 
105    $a a
106    $a 1  
120    $a b
200    $7 ba0yba0y $8 fre    $9  0  $a Simonay $b Bernard $f 1951-2016
300 0  $a Romancier
801    $a FR $b FR-751131015 $c 20160524
810    $a Le prince déchu / Bernard Simonay, 1994
810    $a LivresHebdo - http://www.livreshebdo.fr/article/deces-de-lecrivain-bernard-simonay (2016-05-24)
856    $u http://www.livreshebdo.fr/article/deces-de-lecrivain-bernard-simonay $e 2016-05-24
999    $a FRBNF120565467 $b 12056546
152    $b NP

