00723cx  a2200229   4500
001 68570
003 http://catalogue.bnf.fr/ark:/12148/cb142190609
005 20240509023313.0
033    $a http://catalogue.bnf.fr/ark:/12148/cb142190609
035    $a FRBNF142190607
100    $a 20030310afrey50      ba0
102    $a FR
105    $a i
106    $a 1  
120    $a b
200    $7 ba0yba0y $8 fre    $9  0  $a Raspail $b Roger
300 0  $a Percussioniste de jazz
510    $5 xxxk $0 Membre de :  $3 13903444 $7 ba0yba0y $8 fre    $9 20  $a Faton bloom
801    $a FR $b FR-751131015 $c 20110518
810    $a Fanny's dream [Enregistrement sonore] / Roger Raspail, perc... [et al.] Blue marge 1006
999    $a FRBNF142190607 $b 14219060
152    $b NP

