00973cx  a2200301   4500
001 68814
003 http://catalogue.bnf.fr/ark:/12148/cb121434964
005 20240517075125.0
010    $a 0000000080817731 $2 VIAF $d 20130725
033    $a http://catalogue.bnf.fr/ark:/12148/cb121434964
035    $a FRBNF121434969
039    $o OPL $a 002132207 $z AMA
039    $o OPL $a 005005453 $z APP
039    $o OPP $a 14703220 $d 20060823
100    $a 19900404afrey50      ba0
101    $a fre
102    $a FR
103    $a  18920821  19890415 
105    $a a $a i
106    $a 010
120    $a b
200    $7 ba0yba0y $8 fre    $9  0  $a Vanel $b Charles $f 1892-1989
300    $a Acteur de cinéma
801    $a FR $b FR-751131015 $c 20110810
810    $a Monsieur Vanel : un siècle de souvenirs, un an d'entretiens / Jacqueline Cartier, 1989
810    $a GDEL $a WW, France 1988-1989 et 1989-1990 $a Monde, 1989-04-16/17 $a Universalia 1990, p. 634
999    $a FRBNF121434969 $b 12143496
152    $b NP

