00894cx  a2200277   4500
001 69041
003 http://catalogue.bnf.fr/ark:/12148/cb125139550
005 20240509024137.0
010    $a 0000000117094961 $2 ISNI $d 20150312
010    $y 0000000037230492 $2 VIAF $d 20130729
033    $a http://catalogue.bnf.fr/ark:/12148/cb125139550
035    $a FRBNF125139553
039    $o OPL $a 012548150
100    $a 19960517afrey50      ba0
101    $a fre
102    $a FR
103    $a  19520609           
105    $a a
106    $a 1  
120    $a b
200    $7 ba0yba0y $8 fre    $9  0  $a Conrod $b Daniel $f 1952-....
300 0  $a Documentaliste. - Journaliste culturel. - Romancier
801    $a FR $b FR-751131015 $c 20151021
810    $a Moi les animaux / Daniel Conrod, 1996 $a Pronomade(s) ou La petite frabrique d'humanité / Daniel Conrod, cop. 2015
999    $a FRBNF125139553 $b 12513955
152    $b NP

