00972cx  a2200277   4500
001 69289
003 http://catalogue.bnf.fr/ark:/12148/cb11909007f
005 20240509062923.0
010    $a 0000000110723059 $2 VIAF $d 20130724
033    $a http://catalogue.bnf.fr/ark:/12148/cb11909007f
035    $a FRBNF11909007X
039    $o OPL $a 000932225
100    $a 19760211afrey50      ba0
101    $a eng
102    $a US
103    $a  1935               
105    $a a
106    $a 1  
152    $c 2 $b NP
200    $7 ba0yba0y $8 fre    $9  0  $a Joseph $b Lawrence Alexander $f 1935-....
300 0  $a Écrit aussi en français
300 0  $a Doctorat en langues romanes à Harvard University. - Professeur de littérature française à Smith College (en 1988) et spécialiste de la Belle Epoque
400    $7 ba0yba0y $8 fre    $9     $a Joseph $b Lawrence $f 1935-....
801    $a FR $b FR-751131015 $c 19890124
810    $a Catherine Pozzi / L. Joseph, 1988
999    $a FRBNF11909007X $b 11909007

