00862cx  a2200265   4500
001 69637
003 http://catalogue.bnf.fr/ark:/12148/cb13927737h
005 20240509063722.0
010    $a 0000000022975598 $2 VIAF $d 20130731
033    $a http://catalogue.bnf.fr/ark:/12148/cb13927737h
035    $a FRBNF139277379
100    $a 19900629afrey50      ba0
102    $a FR
103    $a  19431112           
105    $a i
106    $a 1  
120    $a b
200    $7 ba0yba0y $8 fre    $9  0  $a Thiollier $b François-Joël $f 1943-....
300 0  $a Pianiste
301    $a Paris
801    $a FR $b FR-751131015 $c 20041005
810    $a La valse viennoise de Schubert à Ravel [Enregistrement sonore] / François-Joël Thiollier, p. Spahir productions LVC1014
810    $a Dictionnaire des interprètes / Alain Pâris,  1989
999    $a FRBNF139277379 $b 13927737
152    $b NP

