01183cx  a2200301   4500
001 69853
003 http://catalogue.bnf.fr/ark:/12148/cb12935564f
005 20240518054124.0
010    $a 0000000030001531 $2 VIAF $d 20130730
033    $a http://catalogue.bnf.fr/ark:/12148/cb12935564f
035    $a FRBNF129355648
039    $o OPL $a 008458537
039    $o OPP $a 14193085 $d 20070313
100    $a 19921118afrey50      ba0
101    $a fre
102    $a FR
103    $a  19670616           
105    $a a $a i $a p
106    $a 010
120    $a a
200    $7 ba0yba0y $8 fre    $9  0  $a Kerangal $b Maylis de $f 1967-....
300    $a Éditrice de guides touristiques (en 2000). - Romancière
400    $7 ba0yba0y $8 fre    $9     $a Kerangal $b Maïlys de $f 1967-....
801    $a FR $b FR-751131015 $c 20170503
810    $a Pays basque / [sous la dir. de Maylis de Kerangal], 1994 $a Rennes, Vitré, Fougères / [sous la dir. de Maïlys de Kerangal], 1992 $a Femmes et sport : regards sur les athlètes, les supportrices, et les autres / sous la direction de Maylis de Kerangal et Joy Sorman, DL 2009
810    $a Livres Hebdo, n ° 388, 2000-06-30
999    $a FRBNF129355648 $b 12935564
152    $b NP

