01025cx  a2200289   4500
001 70041
003 http://catalogue.bnf.fr/ark:/12148/cb13926071h
005 20240512020116.0
010    $a 0000000371869478 $2 VIAF $d 20130731
033    $a http://catalogue.bnf.fr/ark:/12148/cb13926071h
035    $a FRBNF139260718
100    $a 19900503afrey50      ba0
102    $a FR
103    $a  19610503           
105    $a i $a a
106    $a 1  
120    $a b
200    $7 ba0yba0y $8 fre    $9  0  $a Charmasson $b Rémi $f 1961-....
300 0  $a Guitariste de jazz
510    $5 xxxk $0 Membre de :  $3 15120014 $7 ba0yba0y $8 fre    $9 20  $a New Lousadzak
510    $3 15619680 $7 ba0yba0y $8 fre    $9 20  $a Äanet
801    $a FR $b FR-751131015 $c 20080314
810    $a Caminando [Enregistrement sonore] / Rémi Charmasson, guit. ; Claude Tchamitchian, cb. Celp C16
810    $a Rémi Charmasson - http://charmasson.ifrance.com (2008-03-14)
856    $u http://charmasson.ifrance.com/ $e 2008-03-14
999    $a FRBNF139260718 $b 13926071
152    $b NP

