00941cx  a2200265   4500
001 70263
003 http://catalogue.bnf.fr/ark:/12148/cb12219717t
005 20240510022435.0
010    $a 0000000117637938 $2 VIAF $d 20130725
033    $a http://catalogue.bnf.fr/ark:/12148/cb12219717t
035    $a FRBNF122197170
039    $o OPL $a 007764883
100    $a 19910927afrey50      ba0
101    $a fre
102    $a FR
103    $a  19570208           
105    $a a $a p
106    $a 1  
120    $a b
200    $7 ba0yba0y $8 fre    $9  0  $a Grandazzi $b Alexandre $f 1957-....
300 0  $a Docteur ès-lettres, littérature latine (Paris 4, 1986). - Maître de conférences à l'université de Paris-Sorbonne (en 1991)
801    $a FR $b FR-751131015 $c 20211220
810    $a Alba-Longa : histoire d'une légende / Alexandre Grandazzi, 1990 [thèse] $a La fondation de Rome / Alexandre Grandazzi, 1991
999    $a FRBNF122197170 $b 12219717
152    $b NP

