03316cx  a2200649   4500
001 70527
003 http://catalogue.bnf.fr/ark:/12148/cb11931593x
005 20240519072745.0
033    $a http://catalogue.bnf.fr/ark:/12148/cb11931593x
035    $a FRBNF11931593X
039    $o OPL $a 001522827
039    $o OPL $a 011577124
039    $o OPP $a 12472583 $d 20221017
100    $a 19820209afrey50      ba0
106    $a 201
152    $b SNC $c 2
159    $a rameau
250    $7 ba0yba0y $8 fre    $9     $a Gravure
300 1  $a Art de tracer par incision, à la surface d'une substance dure, des caractères, des ornements ou des figures. - Estampe obtenue par l'impression du matériau gravé sur une feuille
305 1  $a Voir aussi les vedettes du type Gravure [adjectif de nationalité ou d'origine géographique, de périodisation, de religion ou de style]
330    $a S'emploie également en subdivision
450    $7 ba0yba0y $8 fre    $9     $a Gravure au trait
450    $7 ba0yba0y $8 fre    $9     $a Gravure d'art
450    $7 ba0yba0y $8 fre    $9     $a Gravure en taille dure
450    $7 ba0yba0y $8 fre    $9     $a Gravures
450    $7 ba0yba0y $8 fre    $9     $a Oeuvre gravée
450    $7 ba0yba0y $8 fre    $9     $a Oeuvres $x Gravure
450    $7 ba0yba0y $8 fre    $9     $a Oeuvres gravées
550    $5 z $0 Voir aussi $3 11931591 $7 ba0yba0y $8 fre    $9     $a Graveurs
550    $5 z $0 Voir aussi $3 11948096 $7 ba0yba0y $8 fre    $9     $a Gravure $x arts du métal
550    $5 z $0 Voir aussi $3 12144699 $7 ba0yba0y $8 fre    $9     $a Prix de gravure
550    $5 z $0 Voir aussi $3 11932091 $7 ba0yba0y $8 fre    $9     $a Illustration des livres
550    $5 h $3 11954051 $7 ba0yba0y $8 fre    $9     $a Billets de banque
550    $5 h $3 11937953 $7 ba0yba0y $8 fre    $9     $a Cliché-verre
550    $5 h $3 15758548 $7 ba0yba0y $8 fre    $9     $a Gravure sur bambou
550    $5 h $3 11948093 $7 ba0yba0y $8 fre    $9     $a Gravure sur bois
550    $5 h $3 12203107 $7 ba0yba0y $8 fre    $9     $a Gravure sur coquillages
550    $5 h $3 16908974 $7 ba0yba0y $8 fre    $9     $a Gravure sur métal (estampe)
550    $5 h $3 12652920 $7 ba0yba0y $8 fre    $9     $a Gravure sur verre
550    $5 h $3 11932197 $7 ba0yba0y $8 fre    $9     $a Linogravure
550    $5 h $3 13318561 $7 ba0yba0y $8 fre    $9     $a Glyptique
550    $5 h $3 11931594 $7 ba0yba0y $8 fre    $9     $a Gravure de la Renaissance
550    $5 h $3 11963486 $7 ba0yba0y $8 fre    $9     $a Gravure de mode
550    $5 h $3 11977789 $7 ba0yba0y $8 fre    $9     $a Gravure en taille-douce
550    $5 h $3 12372665 $7 ba0yba0y $8 fre    $9     $a Gravure médiévale
550    $5 h $3 16905342 $7 ba0yba0y $8 fre    $9     $a Gravure moderne
550    $5 g $3 11938913 $7 ba0yba0y $8 fre    $9     $a Estampe
580  0 $5 h $3 17743427 $7 ba0yba0y $8 fre    $9     $a Nus (gravure)
580  0 $5 h $3 11994557 $7 ba0yba0y $8 fre    $9     $a Portraits (gravure)
686    $a 760 $c Arts graphiques $2 Note de regroupement par domaine
801    $a FR $b FR-751131015 $c 20240129
810    $a Grand Larousse universel $a Encycl. universalis - http://www.universalis-edu.com (2014-09-10)
810    $a Dict. technique de l'estampe / A. Béguin, 1998
822 12 $a Engraving $2 LCSH $u http://id.loc.gov/authorities/subjects/sh85043995 $d 2022-10-17
822 12 $a Gravure $2 RVMLaval $d 2022-10-17
856    $u http://www.universalis-edu.com $e 2014-09-10
999    $a FRBNF11931593X $b 11931593

