01046cx  a2200277   4500
001 70827
003 http://catalogue.bnf.fr/ark:/12148/cb11922042p
005 20240517042342.0
010    $a 0000000083678167 $2 VIAF $d 20130724
033    $a http://catalogue.bnf.fr/ark:/12148/cb11922042p
035    $a FRBNF119220424
039    $o OPL $a 001286889
100    $a 19830422afrey50      ba0
101    $a fre
102    $a FR
103    $a  1954               
105    $a a
106    $a 1  
120    $a a
200    $7 ba0yba0y $8 fre    $9  0  $a Ripa $b Yannick $f 1954-....
300 0  $a Maître de conférences en histoire contemporaine à l'Université de Paris 8 (en 2007)
801    $a FR $b FR-751131015 $c 20140616
810    $a L'enseignement technique de la Révolution à nos jours / Y. Ripa, 1987 $a Les 100 notions du XIXe siècle européen / Yannick Ripa, DL 2007
810    $a Le dictionnaire universel des créatrices / sous la dir. de Béatrice Didier, Antoinette Fouque, Mireille Calle-Gruber, 2013
999    $a FRBNF119220424 $b 11922042
152    $b NP

