00696cx  a2200205   4500
001 71013
003 http://catalogue.bnf.fr/ark:/12148/cb11967675b
005 20240518053200.0
033    $a http://catalogue.bnf.fr/ark:/12148/cb11967675b
035    $a FRBNF119676755
039    $o OPL $a 002006048
100    $a 19841123afrey50      ba0
106    $a 210
152    $b NP $c 2
159    $a rameau
200    $7 ba0yba0y $8 fre    $9     $a Pandore $c mythologie grecque
550    $5 g $3 11939424 $7 ba0yba0y $8 fre    $9     $a Mythologie grecque
801    $a FR $b FR-751131015 $c 19920309
822 1  $a Pandora (Greek mythology) $2 LCSH $u http://id.loc.gov/authorities/subjects/sh85097400 $d 2017-02-09
999    $a FRBNF119676755 $b 11967675

