01861cx  a2200397   4500
001 71193
003 http://catalogue.bnf.fr/ark:/12148/cb13183229d
005 20240513061336.0
033    $a http://catalogue.bnf.fr/ark:/12148/cb13183229d
035    $a FRBNF131832291
039    $o OPL $a 013687128
100    $a 19980210afrey50      ba0
106    $a 211
152    $b SNC $c 2
159    $a rameau
250    $7 ba0yba0y $8 fre    $9     $a Gestion des connaissances
450    $7 ba0yba0y $8 fre    $9     $a Connaissances, Gestion des
450    $7 ba0yba0y $8 fre    $9     $a Gestion de la connaissance
450    $7 ba0yba0y $8 freeng $9     $a KM
450    $7 ba0yba0y $8 freeng $9     $a Knowledge management
550    $5 z $0 Voir aussi $3 15867734 $7 ba0yba0y $8 fre    $9     $a Carrefours de l'information et de l'apprentissage
550    $5 z $0 Voir aussi $3 12472533 $7 ba0yba0y $8 fre    $9   2 $a Apprentissage organisationnel
550    $5 z $0 Voir aussi $3 14482543 $7 ba0yba0y $8 fre    $9     $a Capital intellectuel
550    $5 z $0 Voir aussi $3 11952896 $7 ba0yba0y $8 fre    $9   2 $a Technologie de l'information
550    $5 h $3 17050446 $7 ba0yba0y $8 fre    $9     $a Communautés de pratique
550    $5 h $3 16712972 $7 ba0yba0y $8 fre    $9     $a Crowdsourcing
550    $5 h $3 15508188 $7 ba0yba0y $8 fre    $9     $a Ontologies (informatique)
550    $5 h $3 15510065 $7 ba0yba0y $8 fre    $9     $a ECM (gestion)
550    $5 h $3 14613334 $7 ba0yba0y $8 fre    $9     $a Wikis
550    $5 g $3 11950206 $7 ba0yba0y $8 fre    $9     $a Gestion
580  0 $5 h $3 13601021 $7 ba0yba0y $8 fre    $9     $a Blogs
686    $a 650 $c Gestion et organisation de l'entreprise $2 Note de regroupement par domaine
801    $a FR $b FR-751131015 $c 20030709
822 12 $a Gestion des connaissances $2 RVMLaval $d 2003-07-09
822 1  $a Knowledge management $2 LCSH $u http://id.loc.gov/authorities/subjects/sh97007353 $d 2017-02-09
999    $a FRBNF131832291 $b 13183229

