01081cx  a2200289   4500
001 71382
003 http://catalogue.bnf.fr/ark:/12148/cb12538916q
005 20240509065954.0
033    $a http://catalogue.bnf.fr/ark:/12148/cb12538916q
035    $a FRBNF125389165
039    $o OPL $a 012888473
100    $a 19961108afrey50      ba0
101    $a eng
102    $a GB
103    $a  1953      1953     
106    $a 210
150    $a y $b v9  
152    $c 2 $b CO
210    $7 ba0yba0y $8 fre    $9 20  $a Mount Everest expedition $f 1953
300 1  $a Expédition britannique dirigée par John Hunt, dont deux membres, Edmund Hillary et Tenzing Norgay, furent les premiers à vaincre le sommet, le 29-05-1953
415    $7 ba0yba0y $8 fre    $9     $a Everest (mont) $x Expédition britannique (1953)
686    $a 793 $c Jeux $2 Note de regroupement par domaine
686    $a 915 $2 Note de regroupement par domaine
801    $a FR $b FR-751131015 $c 20020704
810    $a GLU $a Victoire sur l'Everest / Général sir John Hunt, 1996
810    $a LC MARC (CD), 1996-04
999    $a FRBNF125389165 $b 12538916

