00722cx  a2200253   4500
001 71734
003 http://catalogue.bnf.fr/ark:/12148/cb14504836r
005 20240511045731.0
010    $a 0000000003227527 $2 VIAF $d 20130801
033    $a http://catalogue.bnf.fr/ark:/12148/cb14504836r
035    $a FRBNF145048367
100    $a 20031104afrey50      ba0
101    $a fre
102    $a FR
103    $a  19..      ....     
105    $a a
106    $a 1  
120    $a b
200    $7 ba0yba0y $8 fre    $9  0  $a Choimet $b Henri
300 0  $a Illustrateur
801    $a FR $b FR-751131015 $c 20031104
810    $a Le monde des hiéroglyphes / Marion Lemerle ; ill., Henri Choimet, 2003
999    $a FRBNF145048367 $b 14504836
152    $b NP

