01097cx  a2200277   4500
001 71912
003 http://catalogue.bnf.fr/ark:/12148/cb14511165w
005 20240517064833.0
033    $a http://catalogue.bnf.fr/ark:/12148/cb14511165w
035    $a FRBNF145111650
100    $a 20031205afrey50      ba0
101    $a dut
102    $a BE
103    $a  19720215  ....     
105    $a g $a a
106    $a 1  
120    $a a
152    $c 2 $b NP
200    $7 ba0yba0y $8 fre    $9  0  $a Vandenabeele $b Isabelle $f 1972-....
300 0  $a Illustratrice d'ouvrages pour la jeunesse
301    $a Blankenberge, Belgique
801    $a FR $b FR-751131015 $c 20051107
810    $a P'tit mec / texte, Frédérique Niobey; illustrations, Isabelle Vandenabeele, 2005
810    $a Bibliothèque royale, Belgique - http://www.kbr.be (2005-11-04) $a Bibliothèque royale, Pays-Bas - http://www.kb.nl (2005-11-04) $a Ricochet - http://www.ricochet-jeunes.org (2005-11-04)
856    $u http://www.kbr.be $e 2005-11-04 $u http://www.kb.nl $e 2005-11-04 $u http://www.ricochet-jeunes.org $e 2005-11-04
999    $a FRBNF145111650 $b 14511165

