01895cx  a2200373   4500
001 72140
003 http://catalogue.bnf.fr/ark:/12148/cb13897398w
005 20240510060337.0
010    $a 0000000081089780 $2 VIAF $d 20130731
033    $a http://catalogue.bnf.fr/ark:/12148/cb13897398w
035    $a FRBNF138973985
039    $o OPL $a 003917538 $z AMA
039    $o OPP $a 14801697 $d 20060412
039    $o OPP $a 12065130 $d 20060420
039    $o OPP $a 14993076 $d 20111006
100    $a 19890601afrey50      ba0
102    $a NL
103    $a  18710328  19510322 
105    $a i $a a
106    $a 010
120    $a b
152    $c 2 $b NP
200    $7 ba0yba0y $8 fre    $9  0  $a Mengelberg $b Willem $f 1871-1951
300    $a Chef d'orchestre. - Pianiste et compositeur
301    $a Utrecht (Pays-Bas) $b Zuort (Suisse)
400    $7 ba0yba0y $8 fre    $9     $a Mengelberg $b Josef Willem $f 1871-1951
510    $5 xxxz $0 Dirige :  $3 13903652 $7 ba0yba0y $8 fre    $9 20  $a Concertgebouworkest $c Amsterdam $p 1895-1945
510    $5 xxxz $0 Dirige :  $3 13905367 $7 ba0yba0y $8 fre    $9 20  $a New York Philharmonic
686    $a 780 $c Musique $2 Note de regroupement par domaine
801    $a FR $b FR-751131015 $c 20240406
810    $a Ein Heldenleben [Enregistrement sonore] ; Tod und Verklärung / Richard Strauss, comp. ; Concertgebouw Orchestra of Amsterdam ; Willem Mengelberg, dir. Naxos historical 8110161
810    $a Grove music online - https://doi-org.bnf.idm.oclc.org/10.1093/omo/9781561592630.013.90000381186 (2024-03-28) $a Le Nouveau dictionnaire des interprètes / Alain Pâris, 2015 $a Dictionnaire biographique des musiciens / Theodore Baker et Nicolas Slonomsky, 1995 $a Dictionnaire historique de la Suisse - https://hls-dhs-dss.ch/fr (2024-04-06)
856    $u https://doi-org.bnf.idm.oclc.org/10.1093/omo/9781561592630.013.90000381186 $e 2024-03-28 $u https://hls-dhs-dss.ch/fr/ $e 2024-04-06
999    $a FRBNF138973985 $b 13897398

