00964cx  a2200313   4500
001 72371
003 http://catalogue.bnf.fr/ark:/12148/cb11939256t
005 20240510074850.0
010    $a 0000000108910074 $2 VIAF $d 20130724
033    $a http://catalogue.bnf.fr/ark:/12148/cb11939256t
035    $a FRBNF119392566
039    $o OPL $a 001619169
039    $o OPP $a 13948289 $d 20100518
039    $o OPP $a 14971128 $d 20100518
100    $a 19810522afrey50      ba0
101    $a fre
102    $a BE
103    $a  18580912  19211112 
105    $a a
106    $a 010
120    $a b
152    $c 2 $b NP
200    $7 ba0yba0y $8 fre    $9  0  $a Khnopff $b Fernand $f 1858-1921
300    $a Peintre, dessinateur et illustrateur
301    $a Grembergen, Belgique $b Bruxelles
801    $a FR $b FR-751131015 $c 20100518
810    $a Pelléas et Mélisande / Maurice Maeterlinck ; ill. de Fernand Khnopff, 1920
810    $a GDEL $a Bénézit, 1999
999    $a FRBNF119392566 $b 11939256

