00966cx  a2200253   4500
001 72578
003 http://catalogue.bnf.fr/ark:/12148/cb135311953
005 20230917063017.0
010    $a 0000000000368578 $2 VIAF $d 20130730
033    $a http://catalogue.bnf.fr/ark:/12148/cb135311953
035    $a FRBNF135311955
039    $o OPL $a 01460295X
100    $a 19991006afrey50      ba0
101    $a fre
102    $a FR
103    $a  19..               
105    $a a
106    $a 1  
200    $7 ba0yba0y $8 fre    $9  0  $a Taeckens $b Michel
300 0  $a Conservateur de la fondation Septentrion (en 1994). - Directeur de la Maison de la chicorée (en 2006)
801    $a FR $b FR-751131015 $c 20070228
810    $a De la folie à la démence : Calogero Ferrante, dit Etnarref, 1992-93 / [textes par Michel Taeckens], 1994 $a Les plus belles histoires de la chicorée / Daniel Bordet, Anne-Lise Quesnel, Michel Taeckens, DL 2006
999    $a FRBNF135311955 $b 13531195
152    $b NP

