01004cx  a2200265   4500
001 72768
003 http://catalogue.bnf.fr/ark:/12148/cb11905813m
005 20240507080004.0
010    $a 0000000108904336 $2 VIAF $d 20130724
033    $a http://catalogue.bnf.fr/ark:/12148/cb11905813m
035    $a FRBNF119058132
039    $o OPL $a 00084502X
100    $a 19750414afrey50      ba0
101    $a fre
102    $a FR
103    $a  1902      1984     
105    $a a
106    $a 1  
120    $a b
200    $7 ba0yba0y $8 fre    $9  0  $a Greffe $b Pierre $f 1902-1984
300 0  $a Docteur en droit, avocat à la Cour d'appel de Paris, professeur honoraire au Centre d'études internationales de la propriété industrielle
801    $a FR $b FR-751131015 $c 20160224
810    $a Traité des dessins et des modèles en droit français... / P. Greffe, 1988 $a Traité des dessins et des modèles / Pierre Greffe, François Greffe, Pierre-Baptiste Greffe, impr. 2008
999    $a FRBNF119058132 $b 11905813
152    $b NP

