01717cx  a2200325   4500
001 72959
003 http://catalogue.bnf.fr/ark:/12148/cb156575825
005 20240510062534.0
033    $a http://catalogue.bnf.fr/ark:/12148/cb156575825
035    $a FRBNF15657582X
035    $a (Sudoc)120561557
100    $a 20080521afrey50      ba0
106    $a 211
152    $b SNC $c 2
159    $a rameau
250    $7 ba0yba0y $8 fre    $9     $a Révolte de Treblinka (1943)
300 1  $a 2 août 1943 : quelques prisonniers s'emparent d'armes de l'armurerie du camp ; environ 600 parviennent à s'échapper, mais la plupart furent repris par les Allemands (40 survivants à la fin de la guerre)
410 0  $7 ba0yba0y $8 fre    $9     $a Konzentrationslager Treblinka $x Révolte (1943)
415    $7 ba0yba0y $8 fre    $9     $a Treblinka (Pologne ; camp de concentration) $z 1943 (Révolte)
450    $7 ba0yba0y $8 fre    $9     $a Treblinka, Révolte de (1943)
510    $5 g $5 g $3 11954059 $7 ba0yba0y $8 fre    $9 21  $a Konzentrationslager Treblinka
550    $5 g $3 11967016 $7 ba0yba0y $8 fre    $9     $a Guerre mondiale (1939-1945) $x Mouvements de résistance juifs
550    $5 g $3 15514260 $7 ba0yba0y $8 fre    $9     $a Révoltes $y Pologne
550    $5 g $3 14638166 $7 ba0yba0y $8 fre    $9     $a Shoah $y Pologne
686    $a 940 $c Histoire médiévale, moderne et contemporaine (sauf la France) $2 Note de regroupement par domaine
801    $a FR $b FR-751131015 $c 20180919
810    $a Treblinka / J.-F. Steiner, 1994 $a Encycl. of the Holocaust / I. Gutman, 1990
822 12 $a Treblinka (Concentration camp) -- Uprising, 1943 $2 LCSH $u http://id.loc.gov/authorities/subjects/sh20140001510 $d 2018-09-19
822 11 $2 RVMLaval $d 2018-09-19
999    $a FRBNF15657582X $b 15657582

