00875cx  a2200265   4500
001 73129
003 http://catalogue.bnf.fr/ark:/12148/cb12977471r
005 20240510062639.0
010    $a 000000011655409X $2 VIAF $d 20130730
033    $a http://catalogue.bnf.fr/ark:/12148/cb12977471r
035    $a FRBNF129774710
039    $o OPL $a 009988104
100    $a 19940309afrey50      ba0
101    $a fre
102    $a FR
103    $a  19..               
105    $a a
106    $a 1  
120    $a a
200    $7 ba0yba0y $8 fre    $9  0  $a Maroussy $b Annick
300 0  $a Photographe spécialisée en photographie de jardins. - Enseignante en photographie à Saint-Cloud et à Paris (en 2002)
801    $a FR $b FR-751131015 $c 20030505
810    $a Saint-Cloud 2000 / textes, Gérard et Maddy Cornu ; photogr., Annick Maroussy, 2002
999    $a FRBNF129774710 $b 12977471
152    $b NP

