01143cx  a2200313   4500
001 73291
003 http://catalogue.bnf.fr/ark:/12148/cb13191736s
005 20240510063335.0
010    $a 0000000374771775 $2 ISNI $d 20160215
033    $a http://catalogue.bnf.fr/ark:/12148/cb13191736s
035    $a FRBNF131917368
039    $o OPL $a 013829385
039    $o OPP $a 15107416 $d 20180322
100    $a 19980511afrey50      ba0
101    $a fre $t srp
102    $a FR
103    $a  1972               
105    $a a
106    $a 1  
120    $a a
200    $7 ba0yba0y $8 fre    $9  0  $a Nisic $b Natacha $f 1972-....
300 0  $a Romancière. - Traductrice
801    $a FR $b FR-751131015 $c 20180322
810    $a La tentation de Lazar : roman / Natacha Nisic, 1998 $a Conversations insulaires / Rastko Petrović ; traduit du serbe par Natacha Nisic, 2006
810    $a A la lettre - http://www.alalettre.com/auteurs-contemporains-mn.php#Nisic (2018-03-22)
856    $u http://www.natachanisic.com/bio/ $e 2018-03-22
856    $u http://www.alalettre.com/auteurs-contemporains-mn.php#Nisic $e 2018-03-22
999    $a FRBNF131917368 $b 13191736
152    $b NP

