00832cx  a2200277   4500
001 73488
003 http://catalogue.bnf.fr/ark:/12148/cb14546991g
005 20240510063442.0
010    $a 0000000066571990 $2 VIAF $d 20130802
033    $a http://catalogue.bnf.fr/ark:/12148/cb14546991g
035    $a FRBNF145469918
100    $a 20040527afrey50      ba0
101    $a fre
102    $a FR
103    $a  19..      ....     
105    $a a
106    $a 1  
120    $a a
200    $7 ba0yba0y $8 fre    $9  0  $a Verdié-Petibon $b Danielle
300 0  $a Médecin rhumatologue
400    $7 ba0yba0y $8 fre    $9     $a Petibon $b Danielle Verdié-
801    $a FR $b FR-751131015 $c 20040528
810    $a L'arthrose / Laurent Chevallier, Danielle Verdié-Petibon, 2004
815    $a Rosenwald, 2002
999    $a FRBNF145469918 $b 14546991
152    $b NP

