00841cx  a2200265   4500
001 73691
003 http://catalogue.bnf.fr/ark:/12148/cb12286441k
005 20240512031627.0
010    $a 0000000448940464 $2 ISNI $d 20161107
033    $a http://catalogue.bnf.fr/ark:/12148/cb12286441k
035    $a FRBNF122864411
039    $o OPL $a 008637942
100    $a 19930104afrey50      ba0
101    $a fre
102    $a FR
103    $a  19660822           
105    $a a
106    $a 1  
120    $a b
200    $7 ba0yba0y $8 fre    $9  0  $a Hanno $f 1966-....
300 0  $a Auteur-illustrateur d'ouvrages pour la jeunesse
801    $a FR $b FR-751131015 $c 20080618
810    $a Un coup de poing dans la tête / Thierry Foucher ; dessiné par Hanno, 1992 $a On s'est battu, on s'est cogné / Hanno, 2002
999    $a FRBNF122864411 $b 12286441
152    $b NP

