00928cx  a2200265   4500
001 73898
003 http://catalogue.bnf.fr/ark:/12148/cb135621473
005 20240506042334.0
010    $a 0000000418962283 $2 ISNI $d 20160215
033    $a http://catalogue.bnf.fr/ark:/12148/cb135621473
035    $a FRBNF135621473
039    $o OPL $a 015008558
100    $a 20000703afrey50      ba0
101    $a fre
102    $a FR
103    $a  19..               
105    $a a
106    $a 1  
120    $a b
200    $7 ba0yba0y $8 fre    $9  0  $a Tacheix $b Thierry
300 0  $a Maître de conférences à l'Université de Limoges. - Membre du Centre de recherches interdisciplinaires en droit de l'environnement, de l'aménagement et de l'urbanisme (en 2000)
801    $a FR $b FR-751131015 $c 20150921
810    $a L'Essentiel de la comptabilité nationale française / Thierry Tacheix, 2000
999    $a FRBNF135621473 $b 13562147
152    $b NP

