01812cx  a2200385   4500
001 74075
003 http://catalogue.bnf.fr/ark:/12148/cb14576981s
005 20240517064935.0
010    $a 0000000114967878 $2 VIAF $d 20130802
033    $a http://catalogue.bnf.fr/ark:/12148/cb14576981s
035    $a FRBNF145769812
100    $a 20041026afrey50      ba0
102    $a IL
103    $a  19530614  ....     
105    $a i
106    $a 1  
120    $a a
152    $c 2 $b NP
200    $7 ba0yba0e $8 fre    $9  1  $a Laszlo $b Hana $f 1953-....
300 0  $a Actrice de cinéma et de télévision
301    $a Jaffa (Tel-Aviv)
400    $7 ba0yba0a $8 freheb $9     $a Laslw $b Ḥanah $f 1953-....
400    $7 ba0yha0y $8 freheb $9     $a לסלו $b חנה $f 1953-....
400    $7 ba0yba0e $8 fre    $9     $a Laslo $b Hanna $f 1953-....
400    $7 ba0yba0e $8 fre    $9     $a Laslau $b Hanna $f 1953-....
400    $7 ba0yba0e $8 fre    $9     $a Laslow $b Hannah $f 1953-....
400    $7 ba0yba0e $8 fre    $9     $a Laszlo $b Hana $f 1953
700    $7 ba0yba0a $8 freheb $9  0  $a Laslaʾw $b Ḥanah $f 1953-....
700    $7 ba0yha0y $8 freheb $9  0  $a לסלאו $b חנה $f 1953-....
801    $a FR $b FR-751131015 $c 20111207
810    $a Alila [Images animées] / Amos Gitaï, réal. ; Yaël Abecassis, Uri Klauzner, Hana Laszlo... [et al.], act. StudioCanal, 2008 $a Free zone [Images animées] / Amos Gitai, réal., scénario ; Nathalie Portman, Hanna Laslo, Hiam Abbass, act... [et al.]. Bac vidéo, [2006]
810    $a JNUL : Laslw, Ḥanah (caractères hébreux ici translittérés selon la norme ISO 259.2, 1995) - http://jnul.huji.ac.il (2011-12-07) $a IMDb - http://www.imdb.com (2009-02-17)
810    $a BnF Service hébreu, 2011-12-07
856    $u http://jnul.huji.ac.il $e 2011-12-07 $u http://www.imdb.com $e 2009-02-17
999    $a FRBNF145769812 $b 14576981

