01423cx  a2200301   4500
001 74207
003 http://catalogue.bnf.fr/ark:/12148/cb14036256z
005 20240517024037.0
033    $a http://catalogue.bnf.fr/ark:/12148/cb14036256z
035    $a FRBNF140362563
039    $o OPP $a 14838840 $d 20060724
039    $o OPP $a 16436931 $d 20130325
039    $o OPP $a 13814086 $d 20170606
100    $a 20001218afrey50      ba0
102    $a CU
103    $a  19181009  20130322 
105    $a a $a i $a p
106    $a 010
120    $a b
152    $c 2 $b NP
200    $7 ba0yba0y $8 fre    $9  0  $a Valdés $b Bebo $f 1918-2013
300    $a Pianiste, compositeur et arrangeur de latin jazz
400    $5 e $7 ba0yba0y $8 fre    $9     $a Bebo de Cuba $f 1918-2013
801    $a FR $b FR-751131015 $c 20170606
810    $a El milagro de Candeal [Images animées] / Fernando Trueba, réal... ; Bebo Valdés, participant. Sony BMG music entertainment, 2006 $a Suite Cubana [Enregistrement sonore] ; El solar de Bebo / Bebo de Cuba, p... [et al.]. - [Europe] : Sony BMG music entertainment ; [France] : [distrib. BMG France], [DL 2005].
810    $a Libération, 2013-03-26 $a Mondomix - http://bebo_valdes.mondomix.com/fr/portrait2594.htm (2010-08-02) $a Old man Bebo - http://www.oldmanbebo.com (2010-08-02)
856    $u http://bebo_valdes.mondomix.com/fr/portrait2594.htm $e 2010-08-02 $u http://www.oldmanbebo.com/ $e 2010-08-02
999    $a FRBNF140362563 $b 14036256

