00668cx  a2200241   4500
001 74360
003 http://catalogue.bnf.fr/ark:/12148/cb14648974j
005 20240510065834.0
010    $a 0000000047886874 $2 ISNI $d 20150312
033    $a http://catalogue.bnf.fr/ark:/12148/cb14648974j
035    $a FRBNF146489749
100    $a 20050802afrey50      ba0
101    $a fre
102    $a FR
103    $a  19..               
105    $a a
106    $a 1  
120    $a a
200    $7 ba0yba0y $8 fre    $9  0  $a Lévi $b Anita
801    $a FR $b FR-751131015 $c 20050804
810    $a La cuisine des fêtes juives / Anita Lévi, 2003
999    $a FRBNF146489749 $b 14648974
152    $b NP

