01080cx  a2200277   4500
001 74536
003 http://catalogue.bnf.fr/ark:/12148/cb12134753q
005 20240518040629.0
010    $a 0000000066432296 $2 VIAF $d 20130725
033    $a http://catalogue.bnf.fr/ark:/12148/cb12134753q
035    $a FRBNF121347539
039    $o OPL $a 004873596
039    $o OPP $a 14143157 $d 20181203
100    $a 19900108afrey50      ba0
101    $a fre $t eng $t ita
102    $a FR
103    $a  19..               
105    $a a
106    $a 1  
120    $a b
200    $7 ba0yba0y $8 fre    $9  0  $a Varejka $b Pascal
300 0  $a Historien. - Ancien élève de l'Institut des langues et civilisations orientales
801    $a FR $b FR-751131015 $c 20181203
810    $a Prague imprévu / Marketa Theinhardt, Pascal Varejka, 1994 $a Les jardins paysagers / [adapt. française par Pascal Varejka], 1995 $a Dalí / Fiorella Nicosia ; trad. [de l'italien par] Pascal Varejka, 2003 $a Tristan Bastit / [texte de Jehan van Langhenhoven, Pascal Varejka], [2013]
999    $a FRBNF121347539 $b 12134753
152    $b NP

