00875cx  a2200265   4500
001 74700
003 http://catalogue.bnf.fr/ark:/12148/cb12506637r
005 20240519052518.0
010    $a 0000000063067852 $2 VIAF $d 20130729
033    $a http://catalogue.bnf.fr/ark:/12148/cb12506637r
035    $a FRBNF125066379
039    $o OPL $a 012380090
100    $a 19960321afrey50      ba0
101    $a fre
102    $a FR
103    $a  1963               
105    $a a
106    $a 1  
120    $a a
200    $7 ba0yba0y $8 fre    $9  0  $a Le Goaziou $b Véronique $f 1963-....
300 0  $a Sociologue et ethnologue. - Chercheur et enseignante
801    $a FR $b FR-751131015 $c 20151125
810    $a La vieille femme et les mouettes : roman / Véronique Le Goaziou, 1996 $a Repris de justesse / Yazid Kherfi, Véronique Le Goaziou, 2000
999    $a FRBNF125066379 $b 12506637
152    $b NP

