01309cx  a2200277   4500
001 74861
003 http://catalogue.bnf.fr/ark:/12148/cb140177387
005 20240511071337.0
010    $a 0000000052359745 $2 VIAF $d 20130801
033    $a http://catalogue.bnf.fr/ark:/12148/cb140177387
035    $a FRBNF14017738X
100    $a 19990105afrey50      ba0
101    $a fre
102    $a FR
103    $a  19..               
105    $a a $a i
106    $a 1  
120    $a b
200    $7 ba0yba0y $8 fre    $9  0  $a Bouyer $b René-Jean
300 0  $a Réalisateur et scénariste
801    $a FR $b FR-751131015 $c 20140128
810    $a Hillary & Bill [Images animées] / René-Jean Bouyer, réal., scénario, 2008
810    $a tetramedia - http://www.tetramedia.fr/r2_public/fr/fiche-technique-film-a-la-une-programmes-tv-documentaire-fiction-divertissement-telefilms-series-longs-courts-metrages.cfm?i_film=67&i_famille_accueil=31 (2014-01-28) $a IMDB - http://www.imdb.com/name/nm0968735 (2014-01-28)
856    $u http://www.tetramedia.fr/r2_public/fr/fiche-technique-film-a-la-une-programmes-tv-documentaire-fiction-divertissement-telefilms-series-longs-courts-metrages.cfm?i_film=67&i_famille_accueil=31 $e 2014-01-28 $u http://www.imdb.com/name/nm0968735/ $e 2014-01-28
999    $a FRBNF14017738X $b 14017738
152    $b NP

