02248cx  a2200457   4500
001 75047
003 http://catalogue.bnf.fr/ark:/12148/cb11952833j
005 20240519033737.0
033    $a http://catalogue.bnf.fr/ark:/12148/cb11952833j
035    $a FRBNF11952833X
039    $o OPL $a 001801727
100    $a 19830301afrey50      ba0
106    $a 211
152    $b SNC $c 2
159    $a rameau
250    $7 ba0yba0y $8 fre    $9     $a Ostéopathie
450    $7 ba0yba0y $8 fre    $9     $a Médecine ostéopathique
450    $7 ba0yba0y $8 fre    $9     $a Thérapie manuelle
450    $7 ba0yba0y $8 fre    $9     $a Traitement ostéopathique
550    $5 z $0 Voir aussi $3 12094222 $7 ba0yba0y $8 fre    $9     $a Thérapie craniosacrale
550    $5 z $0 Voir aussi $3 16624615 $7 ba0yba0y $8 fre    $9     $a Ostéopathes
550    $5 z $0 Voir aussi $3 15545650 $7 ba0yba0y $8 fre    $9     $a Biokinergie
550    $5 z $0 Voir aussi $3 14645710 $7 ba0yba0y $8 fre    $9     $a Fasciathérapie
550    $5 z $0 Voir aussi $3 11967855 $7 ba0yba0y $8 fre    $9     $a Chiropraxie
550    $5 z $0 Voir aussi $3 12301672 $7 ba0yba0y $8 fre    $9     $a Étiopathie
550    $5 z $0 Voir aussi $3 11932183 $7 ba0yba0y $8 fre    $9   2 $a Kinésithérapie
550    $5 z $0 Voir aussi $3 11950806 $7 ba0yba0y $8 fre    $9   2 $a Manipulation $x thérapeutique
550    $5 z $0 Voir aussi $3 11938293 $7 ba0yba0y $8 fre    $9   2 $a Massage
550    $5 z $0 Voir aussi $3 11949148 $7 ba0yba0y $8 fre    $9   2 $a Mécanothérapie
550    $5 h $3 17866092 $7 ba0yba0y $8 fre    $9     $a Ostéopathie pédiatrique
550    $5 h $3 17081050 $7 ba0yba0y $8 fre    $9     $a Ostéopathie aquatique
550    $5 h $3 15057221 $7 ba0yba0y $8 fre    $9     $a Ostéopathie vétérinaire
550    $5 h $3 15056166 $7 ba0yba0y $8 fre    $9     $a Ostéopathie viscérale
550    $5 g $3 11965061 $7 ba0yba0y $8 fre    $9     $a Médecines alternatives
686    $a 610 $c Sciences médicales et paramédicales $2 Note de regroupement par domaine
801    $a FR $b FR-751131015 $c 20040818
810    $a Garnier DTTM, 2001
822 12 $a Ostéopathie $2 RVMLaval $d 2004-08-18
822 1  $a Osteopathic Medicine $2 MeSH $u http://id.nlm.nih.gov/mesh/M0015548 $d 2004-08-18
822 1  $a Osteopathic medicine $2 LCSH $u http://id.loc.gov/authorities/subjects/sh85095977 $d 2017-02-09
999    $a FRBNF11952833X $b 11952833

