00862nx  a2200277   4500
001 75232
003 http://catalogue.bnf.fr/ark:/12148/cb145686968
005 20240518021747.0
010    $a 0000000083545348 $2 VIAF $d 20130802
033    $a http://catalogue.bnf.fr/ark:/12148/cb145686968
035    $a FRBNF145686964
100    $a 20040920afrey50      ba0
101    $a chi
102    $a TW
103    $a  1975      ....     
105    $a a
106    $a 1  
120    $a a
152    $c 2 $b NP
200    $7 ba0yba0a $8 fre    $9  0  $a Chen $b Zhiyuan $f 1975-....
300 0  $a Auteur de livres pour enfants
400    $7 ba0yba0y $8 fre    $9     $a Chen $b Chih-Yuan $f 1975-....
400    $7 ba0yba0y $8 fre    $9     $a Chen $b Zhi yuan $f 1975-....
801    $a FR $b FR-751131015 $c 20040920
810    $a En allant acheter des oeufs / Chen Chih-Yuan, 2004
999    $a FRBNF145686964 $b 14568696

