01860cx  a2200337   4500
001 75414
003 http://catalogue.bnf.fr/ark:/12148/cb12011206h
005 20240510073132.0
033    $a http://catalogue.bnf.fr/ark:/12148/cb12011206h
035    $a FRBNF120112068
039    $o OPL $a 00251263X
100    $a 19950502afrey50      ba0
106    $a 200
152    $b SNG $c 2
159    $a rameau
215    $7 ba0yba0y $8 fre    $9     $a Îles du Vent (Polynésie française)
300 1  $a Partie orientale des îles de la Société, les Îles du Vent constituent l'une des 5 circonscriptions administatives de la Polynésie française. Elles comprennent les îles de Maiao, Mehetia, Mooréa, Tahiti et l'atoll de Tetiaroa
415    $7 ba0yba0y $8 fre    $9     $a Tahiti, Archipel de (Polynésie française)
415    $7 ba0yba0y $8 fre    $9     $a Vent, Îles du (Polynésie française)
515    $5 h $3 11940150 $7 ba0yba0y $8 fre    $9     $a Mooréa (Polynésie française ; île)
515    $5 h $3 11936631 $7 ba0yba0y $8 fre    $9     $a Tahiti (Polynésie française ; île)
550    $5 h $3 11940150 $7 ba0yba0y $8 fre    $9     $a Mooréa (Polynésie française ; île)
550    $5 h $3 11936631 $7 ba0yba0y $8 fre    $9     $a Tahiti (Polynésie française ; île)
550    $5 g $3 11945676 $7 ba0yba0y $8 fre    $9     $a Polynésie française
550    $5 g $3 11979766 $7 ba0yba0y $8 fre    $9     $a Société, Îles de la (Polynésie française)
686    $a 915 $2 Note de regroupement par domaine
801    $a FR $b FR-751131015 $c 20111109
810    $a Grand Larousse universel $a Wikipédia - http://fr.wikipedia.org (2011-11-09) $a Robert encyclopédique des noms propres 2008 (art. : Société (îles de la))
822 12 $a Îles du Vent (French Polynesia) $2 LCA $u http://id.loc.gov/authorities/names/n96047461 $d 2017-02-09
856    $u http://fr.wikipedia.org $e 2011-11-09
999    $a FRBNF120112068 $b 12011206

