01166cx  a2200313   4500
001 75596
003 http://catalogue.bnf.fr/ark:/12148/cb11914034b
005 20240510073902.0
010    $a 0000000078296914 $2 VIAF $d 20130724
033    $a http://catalogue.bnf.fr/ark:/12148/cb11914034b
035    $a FRBNF119140348
039    $o OPL $a 001068260
039    $o OPP $a 14036330 $d 20080428
100    $a 19760209afrey50      ba0
101    $a fre
102    $a FR
103    $a  19430428           
105    $a a $a i
106    $a 010
120    $a b
200    $7 ba0yba0y $8 fre    $9  0  $a Majax $b Gérard $f 1943-....
300    $a Prestidigitateur
801    $a FR $b FR-751131015 $c 20220804
810    $a Magie à la neige / G. Majax, 1990 $a Pinocchia : l'aventure secrète / Gérard Majax et Sylvain Gary, impr. 2007
810    $a IMDB - https://www.imdb.com/name/nm0538040 (2022-08-04) $a Wikipédia - https://fr.wikipedia.org/wiki/Gérard_Majax (2022-05-19)
856    $u http://www.majax.com/ $e 2022-05-19
856    $u https://www.imdb.com/name/nm0538040/ $e 2022-08-04 $u https://fr.wikipedia.org/wiki/Gérard_Majax $e 2022-05-19
999    $a FRBNF119140348 $b 11914034
152    $b NP

