00756cx  a2200229   4500
001 75766
005 20160121022651.0
009 http://catalogue.bnf.fr/ark:/12148/cb11900649v
010    $a 0000000109117692
039    $o OPL $a 000709699
100    $a 19790316afrey50      ba0
101    $a fre
102    $a FR
103    $a  19520321           
105    $a a
106    $a 1  
152    $a AFNOR Z 44-061 $b NP
200    $7 ba0yba0y $8 fre    $9  0  $a Drouin $b Jean-Claude $f 1952-....
300 0  $a Professeur de sciences économiques et sociales (en 1994)
801    $a FR $b FR-751131015 $c 19951228
810    $a La société française face à ses inégalités / Jean-Claude Drouin, 1994 $a Sciences économiques et sociales 1re / Jean-Claude Drouin, 1994
999    $a 11900649

