02029cx  a2200421   4500
001 75943
003 http://catalogue.bnf.fr/ark:/12148/cb138954631
005 20240517075131.0
010    $a 0000000081735084 $2 VIAF $d 20130731
033    $a http://catalogue.bnf.fr/ark:/12148/cb138954631
035    $a FRBNF138954636
100    $a 19890601afrey50      ba0
101    $a jpn
102    $a JP
103    $a  19260915  20060530 
105    $a a $a p $a i
106    $a 010
120    $a b
152    $c 2 $b NP
200    $7 ba0yba0f $8 fre    $9  0  $a Imamura $b Shōhei $f 1926-2006
300    $a Cinéaste. - Réalisateur, scénariste et producteur. - Figure de la Nouvelle vague japonaise ; découvert en France au début des années 60. - Lauréat de deux palmes d'or à Cannes pour "La Ballade de Narayama" (en 1983) et  "L'Anguille" (en 1997)
301    $a Tōkyō
400    $7 ba0yba0f $8 frejpn $9     $a Imamura Shōhei $f 1926-2006
400    $7 ba0yea0y $8 frejpn $9     $a 今村 昌平 $f 1926-2006
400    $7 ba0yba0y $8 fre    $9     $a Imamura Shohei $f 1926-2006
400    $7 ba0yba0y $8 fre    $9     $a Shohei Imamura $f 1926-2006
530    $5 z $0 Réalisateur de :  $3 17754042 $a Unagi (film)
530    $5 z $0 Réalisateur de :  $3 17754035 $a Akai satsui (film)
530    $5 z $0 Réalisateur de :  $3 17133752 $a Kamigami no fukaki yokubō (film)
530    $5 z $0 Réalisateur de :  $3 16777789 $a Kuroi ame (film)
530    $5 z $0 Réalisateur de :  $3 16457677 $a Narayama bushi kō (film)
686    $a 791 $c Audiovisuel $2 Note de regroupement par domaine
700    $7 ba0yea0y $8 frejpn $9  0  $a 今村 $b 昌平 $f 1926-2006
801    $a FR $b FR-751131015 $c 20130514
810    $a NDL Authority File, 2011 $a IMDB - http://www.imdb.com (2006-03-13) $a CinémAsie - http://www.cinemasie.com/fr/japon/fiche/personne/imamurashohei (2006-03-13) $a Monde, 2006-06-01
810    $a BnF Service japonais, 2011-02-09
856    $u http://www.imdb.com $e 2006-03-13 $u http://www.cinemasie.com/fr/japon/fiche/personne/imamurashohei/ $e 2006-03-13
999    $a FRBNF138954636 $b 13895463

