01230cx  a2200301   4500
001 76066
003 http://catalogue.bnf.fr/ark:/12148/cb14600850h
005 20240519070720.0
010    $a 0000000003005748 $2 ISNI $d 20170818
033    $a http://catalogue.bnf.fr/ark:/12148/cb14600850h
035    $a FRBNF146008500
100    $a 20050127afrey50      ba0
101    $a fre
102    $a FR
103    $a  19..               
105    $a a
106    $a 1  
120    $a b
200    $7 ba0yba0y $8 fre    $9  0  $a Boutin $b Arnaud
300 0  $a Dessinateur de bandes dessinées. - Utilise aussi le nom d'artiste Nodar
400    $5 e $7 ba0yba0y $8 fre    $9     $a Nodar
801    $a FR $b FR-751131015 $c 20140410
810    $a Kop d'immondes / [texte de] Michel Pelé et Frédéric Prilleux ; [dessins de] Bertrand Piocelle et Arnaud Boutin, 2004 $a Quoi de nouveau ? : 1001 choses à chercher, à trouver et à colorier ! / Arnaud Boutin, impr. 2013
810    $a Lezilus - http://www.lezilus.fr/artistes/10/arnaud-boutin.portfolio.html (2014-01-28)
856    $u http://www.arnaudboutin.com/ $e 2014-01-28
856    $u http://www.lezilus.fr/artistes/10/arnaud-boutin.portfolio.html $e 2014-01-28
999    $a FRBNF146008500 $b 14600850
152    $b NP

