00756cx  a2200253   4500
001 76265
003 http://catalogue.bnf.fr/ark:/12148/cb145074549
005 20240511065636.0
010    $a 0000000066568214 $2 VIAF $d 20130801
033    $a http://catalogue.bnf.fr/ark:/12148/cb145074549
035    $a FRBNF145074547
100    $a 20031118afrey50      ba0
101    $a fre
102    $a FR
103    $a  19..      ....     
105    $a a
106    $a 1  
120    $a a
200    $7 ba0yba0y $8 fre    $9  0  $a Chairopoulos $b Patricia
300 0  $a Spécialiste de vulgarisation scientifique
801    $a FR $b FR-751131015 $c 20050318
810    $a Homo sapiens / texte de Clara Delpas et Patricia Chairopoulos, 2004
999    $a FRBNF145074547 $b 14507454
152    $b NP

