01324cx  a2200337   4500
001 76416
003 http://catalogue.bnf.fr/ark:/12148/cb120662805
005 20240515031931.0
010    $a 0000000375015808 $2 ISNI $d 20131217
033    $a http://catalogue.bnf.fr/ark:/12148/cb120662805
035    $a FRBNF120662806
039    $o OPL $a 003930197
039    $o OPP $a 14864180 $d 20060831
039    $o OPP $a 14654264 $d 20060831
100    $a 19880211afrey50      ba0
101    $a fre
102    $a FR
103    $a  19430530           
105    $a a $a i $a c $a p
106    $a 010
120    $a b
200    $7 ba0yba0y $8 fre    $9  0  $a Régo $b Luis $f 1943-....
300    $a Comédien et scénariste
510    $5 xxxk $0 Membre de :  $3 13902410 $7 ba0yba0y $8 fre    $9 20  $a Les Charlots
530    $5 z $0 Réalisateur de :  $3 16473892 $a Poule et frites (film)
686    $a 791 $c Audiovisuel $2 Note de regroupement par domaine
801    $a FR $b FR-751131015 $c 20170310
810    $a Amis drogués bonjour / Luis Régo ; [avec la collab. de Michel Ehlers], 1987 $a Le tribunal des flagrants délires [Enregistrement sonore] / Luis Rego, humoriste ; Luis Rego, participant. Universal licensing music 301 710-9
810    $a Les gens du cinéma = The people of the movie world / André Siscot, 1998
999    $a FRBNF120662806 $b 12066280
152    $b NP

