01005cx  a2200253   4500
001 76588
005 20160121025322.0
009 http://catalogue.bnf.fr/ark:/12148/cb14435627x
010    $a 0000000117074389
100    $a 20021115afrey50      ba0
101    $a fre
102    $a BE
103    $a  1957      ....     
105    $a a
106    $a 1  
120    $a b
152    $a AFNOR Z 44-061 $c 2 $b NP
200    $7 ba0yba0y $8 fre    $9  0  $a Virone $b Carmelo $f 1957-....
300 0  $a Écrivain et rédacteur en chef de la revue belge " L'image, le monde" (en 2002)
801    $a FR $b FR-751131015 $c 20080313
810    $a De cendres et de fumées / Philippe Blasband ; lecture de Carmelo Virone, 1999 $a Femme avec enfant entourée d'animaux / Carmelo Virone, 2003
810    $a Bibliothèque royale Albert 1er, Belgique - http://www.kbr.be (2002-12-06) $a Cinergie Annuaire du cinema belge - http://www.cinergie.be/annuaire/perio.html (2002-11-15)
815    $a CORC : http://corc.oclc.org (2002-11-15)
999    $a 14435627

