00952cx  a2200289   4500
001 76839
003 http://catalogue.bnf.fr/ark:/12148/cb123006536
005 20240519033927.0
010    $a 0000000006480771 $2 ISNI $d 20160215
033    $a http://catalogue.bnf.fr/ark:/12148/cb123006536
035    $a FRBNF12300653X
039    $o OPL $a 008818800
100    $a 19930316afrey50      ba0
101    $a fre
102    $a FR
103    $a  1967               
105    $a a
106    $a 1  
120    $a b
200    $7 ba0yba0y $8 fre    $9  0  $a Cailleaux $b Christian $f 1967-....
300 0  $a Dessinateur de bandes dessinées
400    $7 ba0yba0y $8 fre    $9     $a Cailleaux $f 1967-....
801    $a FR $b FR-751131015 $c 20210601
810    $a Arthur blanc-nègre / scénario Bernard Sallé, dessins Christian Cailleaux, 1993-
810    $a Génération Dargaud [encart publicitaire des éditions Dargaud], mai 1992
999    $a FRBNF12300653X $b 12300653
152    $b NP

