00982cx  a2200253   4500
001 77281
003 http://catalogue.bnf.fr/ark:/12148/cb144739738
005 20240515041617.0
010    $a 0000000003181469 $2 VIAF $d 20130801
033    $a http://catalogue.bnf.fr/ark:/12148/cb144739738
035    $a FRBNF144739734
100    $a 20030522afrey50      ba0
101    $a fre
102    $a FR
103    $a  1967      ....     
105    $a a
106    $a 1  
120    $a a
200    $7 ba0yba0y $8 fre    $9  0  $a Coucharrière $b Sophie $f 1967-....
300 0  $a Journaliste à "Pomme d'Api" (en 2003). - Journaliste pour la presse adulte et jeunesse
801    $a FR $b FR-751131015 $c 20111011
810    $a Réponses aux pères, aux mères et aux enfants, conversations avec Sophie Coucharrière / Alice Doumic-Girard ; préf. de Jean-François Rabain, 2003 $a Le livre qui fait parler les parents et les enfants / Sophie Coucharrière, impr. 2011
999    $a FRBNF144739734 $b 14473973
152    $b NP

