00897cx  a2200277   4500
001 77512
003 http://catalogue.bnf.fr/ark:/12148/cb144577409
005 20240515075651.0
010    $a 0000000001081763 $2 VIAF $d 20130801
033    $a http://catalogue.bnf.fr/ark:/12148/cb144577409
035    $a FRBNF144577403
100    $a 20030226afrey50      ba0
101    $a dut
102    $a NL
103    $a  1957      ....     
105    $a g
106    $a 1  
120    $a a
152    $c 2 $b NP
200    $7 ba0yba0y $8 fre    $9  0  $a Hoogstad $b Alice $f 1957-....
300 0  $a Illustratrice de livres pour la jeunesse
801    $a FR $b FR-751131015 $c 20040223
810    $a Voor altijd samen, amen / Guus Kuijer ; met tekeningen van Alice Hoogstad, 2001
810    $a Bibliothèque royale, Pays-Bas - http://www.kb.nl (2004-02-17)
856    $u http://www.kb.nl $e 2004-02-17
999    $a FRBNF144577403 $b 14457740

