01005cx  a2200277   4500
001 77780
003 http://catalogue.bnf.fr/ark:/12148/cb14480356h
005 20240511072016.0
010    $a 0000000362837140 $2 VIAF $d 20130801
033    $a http://catalogue.bnf.fr/ark:/12148/cb14480356h
035    $a FRBNF144803560
100    $a 20030623afrey50      ba0
101    $a fre
102    $a FR
103    $a  19230318  20190110 
105    $a a
106    $a 1  
120    $a b
200    $7 ba0yba0y $8 fre    $9  0  $a Plateau $b Jean $f 1923-2019
300 0  $a Ingénieur civil des mines, métallurgiste. - Ancien directeur du Centre de recherches de Voreppe de Péchiney
301    $a Calais (Pas-de-Calais) $b Saint-Denis-sur-Loire (Loir-et-Cher)
801    $a FR $b FR-751131015 $c 20201127
810    $a L'aluminium, un si léger métal / Ivan Grinberg ; avec le concours de Florence Hachez-Leroy et Jean Plateau, 2003
810    $a Le Monde, 2019-01-17 [avis de décès]
999    $a FRBNF144803560 $b 14480356
152    $b NP

