00940cx  a2200265   4500
001 78036
003 http://catalogue.bnf.fr/ark:/12148/cb12426183s
005 20240511072505.0
010    $a 0000000000314916 $2 ISNI $d 20150312
033    $a http://catalogue.bnf.fr/ark:/12148/cb12426183s
035    $a FRBNF124261839
039    $o OPL $a 010612615
100    $a 19941027afrey50      ba0
101    $a fre
102    $a FR
103    $a  19..               
105    $a a
106    $a 1  
200    $7 ba0yba0y $8 fre    $9  0  $a Delvallée $b Isabelle $f 19..-.... $c traductrice
300 0  $a Traduit de l'anglais en français
801    $a FR $b FR-751131015 $c 19941215
810    $a Atlas du monde viking / James Graham-Campbell ; trad. par Isabelle Delvallée, 1994
815    $a Courrier, 1994-12, Editions du Fanal (17 Av. Matignon, 78008 Paris) : retour à l'envoyeur, n'est plus à l'adresse indiquée
999    $a FRBNF124261839 $b 12426183
152    $b NP

