01247cx  a2200265   4500
001 78316
003 http://catalogue.bnf.fr/ark:/12148/cb121170711
005 20240512055152.0
010    $a 0000000116448617 $2 VIAF $d 20130725
033    $a http://catalogue.bnf.fr/ark:/12148/cb121170711
035    $a FRBNF121170715
039    $o OPL $a 004620917
100    $a 19890623afrey50      ba0
101    $a fre
102    $a FR
103    $a  19331117           
105    $a a
106    $a 1  
120    $a b
200    $7 ba0yba0y $8 fre    $9  0  $a Baquiast $b Jean-Paul $f 1933-....
300 0  $a Secrétaire général du CIIBA (Comité interministériel de l'informatique et de la bureautique dans l'administration) ; vice-président de la CCIJ (Commission de coordination de l'informatique juridique) en 1989. - Co-éd. et co-rédacteur en chef de la revue en ligne "Automates-intelligents" (en 2003)
801    $a FR $b FR-751131015 $c 20030806
810    $a La France dans la bataille des technologies de l'intelligence : janvier 1984 - avril 1985 / la Documentation française ; [par] Jean-Paul Baquiast, Roger Ganne, 1985 $a Sciences de la complexité et vie politique : comprendre, agir / Jean-Paul Baquiast, 2003
999    $a FRBNF121170715 $b 12117071
152    $b NP

