01039cx  a2200277   4500
001 78527
003 http://catalogue.bnf.fr/ark:/12148/cb119654054
005 20240511073035.0
033    $a http://catalogue.bnf.fr/ark:/12148/cb119654054
035    $a FRBNF119654050
039    $o OPL $a 00197361X
100    $a 19840821afrey50      ba0
106    $a 211
152    $b SNC $c 2
159    $a rameau
250    $7 ba0yba0y $8 fre    $9     $a Orages
550    $5 h $3 16971783 $7 ba0yba0y $8 fre    $9     $a Orages supercellulaires
550    $5 h $3 11944443 $7 ba0yba0y $8 fre    $9   2 $a Foudre
550    $5 h $3 12476622 $7 ba0yba0y $8 fre    $9     $a Tonnerre
550    $5 g $3 11978949 $7 ba0yba0y $8 fre    $9     $a Tempêtes
550    $5 g $3 11932496 $7 ba0yba0y $8 fre    $9     $a Météorologie
686    $a 550 $c Sciences de la Terre $2 Note de regroupement par domaine
801    $a FR $b FR-751131015 $c 20011002
822 12 $a Orages $2 RVMLaval $d 2001-10-02
822 1  $a Thunderstorms $2 LCSH $u http://id.loc.gov/authorities/subjects/sh85135120 $d 2017-02-09
999    $a FRBNF119654050 $b 11965405

