00754cx  a2200265   4500
001 78661
003 http://catalogue.bnf.fr/ark:/12148/cb13759853s
005 20240517071159.0
010    $a 0000000037086275 $2 VIAF $d 20130731
033    $a http://catalogue.bnf.fr/ark:/12148/cb13759853s
035    $a FRBNF137598532
039    $o OPL $a 015650776
100    $a 20010903afrey50      ba0
101    $a fre
102    $a FR
103    $a  1969               
105    $a a
106    $a 1  
120    $a b
200    $7 ba0yba0y $8 fre    $9  0  $a Benchelah $b Mehdi $f 1969-....
300 0  $a Journaliste et romancier
801    $a FR $b FR-751131015 $c 20040406
810    $a Les flamboyants de Gaza / Mehdi Benchelah, 2004
999    $a FRBNF137598532 $b 13759853
152    $b NP

