00998cx  a2200277   4500
001 78883
003 http://catalogue.bnf.fr/ark:/12148/cb14198772g
005 20240511073712.0
010    $a 0000000109045641 $2 VIAF $d 20130801
033    $a http://catalogue.bnf.fr/ark:/12148/cb14198772g
035    $a FRBNF141987728
039    $o OPP $a 14657632 $d 20070828
100    $a 20030310afrey50      ba0
102    $a GB
103    $a  19680814           
105    $a i
106    $a 1  
120    $a b
152    $c 2 $b NP
200    $7 ba0yba0y $8 fre    $9  0  $a Lester $b Adrian $f 1968-....
300 0  $a Acteur
801    $a FR $b FR-751131015 $c 20070828
810    $a Peines d'amour perdues [Images animées] / Kenneth Branagh, réal., adapt. ; William Shakespeare, aut. adapté ; Patrick Doyle, comp. ; Kenneth Branagh, Nathan Lane, Adrian Lester. .. [et al.], act., 2001
810    $a Internet movie database - http://imdb.com (2003-08-14)
856    $u http://imdb.com $e 2003-08-14
999    $a FRBNF141987728 $b 14198772

