01156cx  a2200289   4500
001 79000
003 http://catalogue.bnf.fr/ark:/12148/cb13896993k
005 20240515042446.0
010    $a 0000000109219293 $2 VIAF $d 20131024
033    $a http://catalogue.bnf.fr/ark:/12148/cb13896993k
035    $a FRBNF138969937
039    $o OPP $a 14689658 $d 20060519
100    $a 19890601afrey50      ba0
101    $a eng
102    $a US
103    $a  19120322  20090701 
105    $a i $a p $a a
106    $a 010
120    $a b
152    $c 2 $b NP
200    $7 ba0yba0y $8 fre    $9  0  $a Malden $b Karl $f 1912-2009
300    $a Acteur et réalisateur
801    $a FR $b FR-751131015 $c 20240319
810    $a A streetcar named Desire [Images animées] / Elia Kazan, réal. ; Marlon Brandon, Vivien Leigh, Kim Hunter, Karl Malden, act... [et al.]. Warner home video France, [1994]
810    $a IMDb - http://www.imdb.com/name/nm0001500/?ref_=fn_al_nm_1 (2013-09-16) $a LC authorities - http://authorities.loc.gov (2009-07-02)
856    $u http://www.imdb.com/name/nm0001500/?ref_=fn_al_nm_1 $e 2013-09-16 $u http://authorities.loc.gov/ $e 2009-07-02
999    $a FRBNF138969937 $b 13896993

