01191cx  a2200325   4500
001 79123
003 http://catalogue.bnf.fr/ark:/12148/cb13883485n
005 20240518063550.0
010    $a 0000000121631520 $2 VIAF $d 20130731
033    $a http://catalogue.bnf.fr/ark:/12148/cb13883485n
035    $a FRBNF138834850
039    $o OPL $a 004565310
100    $a 19890601afrey50      ba0
101    $a fre
102    $a BE
103    $a  19771212           
105    $a a $c a $c d $c s $d g $d h $d r $c p
106    $a 010
150    $a z $b b6  
152    $c 2 $b CO
210    $7 ba0yba0y $8 fre    $9  0  $a Radio-télévision belge de la Communauté française
300    $a Par D. du 12-12-1977, succède à la Radio-télévision belge (RTB)
303    $a 52 bd Reyers, 1040 Bruxelles
410    $7 ba0yba0y $8 fre    $9     $a RTBF
410    $7 ba0yba0y $8 fre    $9     $a Radio-télévision belge francophone
540    $5 h $3 16658487 $t Magazine de l'homme (émission radiophonique)
801    $a FR $b FR-751131015 $c 20210408
810    $a Dossier pour Wallonie 2000, 1982 $a Annu. adm. et judiciaire de Belgique 1987-1988, pp. 438 et ss.
856    $u http://www4.rtbf.be/ $e 2004-03-01
999    $a FRBNF138834850 $b 13883485

