00986cx  a2200253   4500
001 79274
003 http://catalogue.bnf.fr/ark:/12148/cb14409362z
005 20230917063011.0
010    $a 0000000045729453 $2 VIAF $d 20130801
033    $a http://catalogue.bnf.fr/ark:/12148/cb14409362z
035    $a FRBNF14409362X
100    $a 20020605afrey50      ba0
101    $a fre
102    $a FR
103    $a  19760322  ....     
105    $a a
106    $a 1  
120    $a b
200    $7 ba0yba0y $8 fre    $9  0  $a Courbès $b Yannick $f 1976-....
300 0  $a Assistant du conservateur du Musée des beaux-arts de Tourcoing (en 2002)
801    $a FR $b FR-751131015 $c 20100727
810    $a Paysage : [exposition]... 2000-2001... Tourcoing / [catalogue par Evelyne-Dorothée Allemand, Émilie Ovaere, Yannick Courbès], 2001 $a Le temps des plis : [exposition...Tourcoing, 2001-2002] / [catalogue par Christine Buci-Glucksmann et Yannick Courbès], 2001
999    $a FRBNF14409362X $b 14409362
152    $b NP

