00735cx  a2200241   4500
001 79416
003 http://catalogue.bnf.fr/ark:/12148/cb14021783t
005 20240513061351.0
010    $a 0000000119477069 $2 VIAF $d 20130801
033    $a http://catalogue.bnf.fr/ark:/12148/cb14021783t
035    $a FRBNF140217831
100    $a 19990428afrey50      ba0
102    $a US
103    $a  19710908           
105    $a i $a p
106    $a 010
120    $a b
152    $c 2 $b NP
200    $7 ba0yba0y $8 fre    $9  0  $a Arquette $b David $f 1971-....
300    $a Acteur américain
801    $a FR $b FR-751131015 $c 20220325
810    $a Scream 2 / Wes Craven. Studio Canal +, 1997 (cop.) $a http://us.imdb.com (Internet)
999    $a FRBNF140217831 $b 14021783

