00881cx  a2200277   4500
001 79582
003 http://catalogue.bnf.fr/ark:/12148/cb144858772
005 20240511074802.0
010    $a 0000000109468556 $2 VIAF $d 20130801
033    $a http://catalogue.bnf.fr/ark:/12148/cb144858772
035    $a FRBNF144858770
100    $a 20030722afrey50      ba0
101    $a eng $t spa
102    $a US
103    $a  19410704  20230825 
105    $a a $a i
106    $a 1  
120    $a b
152    $c 2 $b NP
200    $7 ba0yba0y $8 fre    $9  0  $a Curtis $b Walt $f 1941-2023
300 0  $a Poète, romancier. - Acteur
801    $a FR $b FR-751131015 $c 20231116
810    $a Mala noche / Walt Curtis, 2003
810    $a Babelio - https://www.babelio.com/auteur/Walt-Curtis/10253 (2023-11-16)
856    $u https://www.babelio.com/auteur/Walt-Curtis/10253 $e 2023-11-16
999    $a FRBNF144858770 $b 14485877

