01143cx  a2200253   4500
001 79751
003 http://catalogue.bnf.fr/ark:/12148/cb14092425h
005 20240517043250.0
010    $a 0000000117506161 $2 VIAF $d 20130801
033    $a http://catalogue.bnf.fr/ark:/12148/cb14092425h
035    $a FRBNF140924251
100    $a 20030310afrey50      ba0
102    $a FR
103    $a  19..               
105    $a a $a i
106    $a 1  
120    $a b
200    $7 ba0yba0y $8 fre    $9  0  $a Demerliac $b Xavier
300 0  $a Musicien
510    $5 xxxz $0 Dirige :  $3 14027092 $7 ba0yba0y $8 fre    $9 20  $a L'Attirail
801    $a FR $b FR-751131015 $c 20150511
810    $a Salto et Zélia chez les hippos [Multimédia multisupport] ; Salto et Zélia : le château abandonné / réalisation Hyptique ; Philippe Jalbert, création, illustration des personnages et des décors ; directrice artistique, Géraldine Rey ; composition musicale, Henri Dès ; chants, Henri Dès, Florence Caillon ; voix, Florence Caillon, Alexandre Michel, Xavier Demerliac... [et al.]. - [Paris] : Hachette multimédia, cop. 2005.
999    $a FRBNF140924251 $b 14092425
152    $b NP

