01076cx  a2200289   4500
001 79910
003 http://catalogue.bnf.fr/ark:/12148/cb16260610j
005 20240511075339.0
033    $a http://catalogue.bnf.fr/ark:/12148/cb16260610j
035    $a FRBNF162606109
100    $a 20110128afrey50      ba0
102    $a FR
103    $a  200.               
105    $a i
106    $a 1  
150    $a y $b v9  
210    $7 ba0yba0e $8 fre    $9 21  $a Hanini
300 0  $a Trio de raï
303    $a Paris (France)
307    $a Lotfi, chant $a Yannis, percussions, chant $a Fatah, synthétiseur, chant
710    $7 ba0yba0a $8 freara $9 20  $a Ḥanīnī
710    $7 ba0yfa0y $8 freara $9 20  $a حنيني
801    $a FR $b FR-751131015 $c 20130701
810    $a Raï RNB [Enregistrement sonore] : le son raï urbain 2011 / Reda Taliani feat. Big Ali, chant ; Hanini, trio voc.... [et al.]. Wagram 3231372 $a Africains du Nord [Enregistrement sonore] / Hanini= حنيني. Gafaïti
856    $u http://www.myspace.com/haninimusic $e 2011-01-28
999    $a FRBNF162606109 $b 16260610
152    $b CO

