01119cx  a2200301   4500
001 80267
003 http://catalogue.bnf.fr/ark:/12148/cb122332898
005 20240516043211.0
010    $a 0000000381961710 $2 ISNI $d 20160215
033    $a http://catalogue.bnf.fr/ark:/12148/cb122332898
035    $a FRBNF122332892
039    $o OPL $a 00794668X
100    $a 19920120afrey50      ba0
101    $a fre
102    $a FR
103    $a  19460717           
105    $a a
106    $a 010
120    $a b
200    $7 ba0yba0y $8 fre    $9  0  $a Pascual $b Gérard $f 1946-....
300    $a Peintre et plasticien
686    $a 700 $c Arts $2 Note de regroupement par domaine
801    $a FR $b FR-751131015 $c 20230929
810    $a Sans / Gérard Pascual. Montigny-les-Metz : Editions Voix Richard Meier, 1993 [Image fixe] $a Poser, reposer : rencontre avec Gérard Pascual, Martine Bubb / Éric Manguelin, 2004
810    $a Bénézit, 1976 $a AKL online - https://www-degruyter-com (2023-09-29) $a Gérard Pascual. Musée de Brou, 1991
856    $u https://www-degruyter-com $e 2023-09-29
999    $a FRBNF122332892 $b 12233289
152    $b NP

