01182cx  a2200277   4500
001 80453
003 http://catalogue.bnf.fr/ark:/12148/cb11960557f
005 20240510031644.0
033    $a http://catalogue.bnf.fr/ark:/12148/cb11960557f
035    $a FRBNF11960557X
039    $o OPL $a 001905996
100    $a 19840124afrey50      ba0
106    $a 211
152    $b SNC $c 2
159    $a rameau
250    $7 ba0yba0y $8 fre    $9     $a Convertis de l'islam au christianisme
450    $7 ba0yba0y $8 fre    $9     $a Musulmans convertis au christianisme
550    $5 z $0 Voir aussi $3 11959205 $7 ba0yba0y $8 fre    $9     $a Missions auprès des musulmans
550    $5 h $3 13318579 $7 ba0yba0y $8 fre    $9     $a Morisques
550    $5 g $3 11952500 $7 ba0yba0y $8 fre    $9     $a Convertis au christianisme
686    $a 200 $c Religion (ouvrages généraux et comparatifs) $2 Note de regroupement par domaine
686    $a 305 $2 Note de regroupement par domaine
801    $a FR $b FR-751131015 $c 20171223
822 12 $a Christian converts from Islam $2 LCSH $u http://id.loc.gov/authorities/subjects/sh85031723 $d 2017-12-23
822 12 $a Musulmans convertis au christianisme $2 RVMLaval $d 2017-12-23
999    $a FRBNF11960557X $b 11960557

