01523cx  a2200337   4500
001 80596
003 http://catalogue.bnf.fr/ark:/12148/cb11940189j
005 20240513021516.0
033    $a http://catalogue.bnf.fr/ark:/12148/cb11940189j
035    $a FRBNF119401894
039    $o OPL $a 001631602
100    $a 19810602afrey50      ba0
106    $a 211
152    $b SNC $c 2
159    $a rameau
250    $7 ba0yba0y $8 fre    $9     $a Médecins généralistes
450    $7 ba0yba0y $8 fre    $9     $a Généralistes
450    $7 ba0yba0y $8 fre    $9     $a Médecins de famille
450    $7 ba0yba0y $8 fre    $9   2 $a Omnipraticiens
550    $5 z $0 Voir aussi $3 17048550 $7 ba0yba0y $8 fre    $9     $a Maîtres de stage des universités
550    $5 z $0 Voir aussi $3 11932455 $7 ba0yba0y $8 fre    $9     $a Médecine générale
550    $5 h $3 17074826 $7 ba0yba0y $8 fre    $9     $a Médecins de montagne
550    $5 h $3 11942561 $7 ba0yba0y $8 fre    $9     $a Médecins de campagne
550    $5 g $3 11932462 $7 ba0yba0y $8 fre    $9     $a Médecins
686    $a 300 $c Sciences sociales $2 Note de regroupement par domaine
686    $a 610 $c Sciences médicales et paramédicales $2 Note de regroupement par domaine
801    $a FR $b FR-751131015 $c 20060811
810    $a Grand Larousse illustré $a Dict. des termes de médecine, 2001
822 1  $a Physicians, Family $2 MeSH $u http://id.nlm.nih.gov/mesh/M0016802 $d 2006-08-11
822 1  $a Physicians (General practice) $2 LCSH $u http://id.loc.gov/authorities/subjects/sh85101634 $d 2017-02-09
999    $a FRBNF119401894 $b 11940189

