01019cx  a2200265   4500
001 80714
003 http://catalogue.bnf.fr/ark:/12148/cb13193852s
005 20240511075956.0
010    $a 0000000384322869 $2 ISNI $d 20131217
033    $a http://catalogue.bnf.fr/ark:/12148/cb13193852s
035    $a FRBNF131938526
039    $o OPL $a 013876723
100    $a 19980605afrey50      ba0
101    $a fre
102    $a FR
105    $a a
106    $a 1  
200    $7 ba0yba0y $8 fre    $9  0  $a Godard $b Henry
300 0  $a Écrit aussi en espagnol
300 0  $a Professeur à l'Université de la Réunion. - Responsable de l'antenne océan indien du Réseau outre-mers (en 1999)
400    $7 ba0yba0y $8 fre    $9     $a Godard $b Henry René
801    $a FR $b FR-751131015 $c 20001218
810    $a Quito, Guayaquil : evolución y consolidación en ocho barrios populares / Henry René Godard, 1988 $a Les outre-mers français : des espaces en mutation / Didier Benjamin, Henry Godard, 1999
999    $a FRBNF131938526 $b 13193852
152    $b NP

