01078cx  a2200337   4500
001 80972
003 http://catalogue.bnf.fr/ark:/12148/cb135344751
005 20240514060143.0
010    $a 0000000081036988 $2 VIAF $d 20130730
033    $a http://catalogue.bnf.fr/ark:/12148/cb135344751
035    $a FRBNF135344752
039    $o OPL $a 014678178
039    $o OPL $a 014678160
039    $o OPP $a 13534474 $d 20080218
039    $o OPP $a 14939857 $d 20080218
100    $a 19991120afrey50      ba0
101    $a fre
102    $a FR
103    $a  1965               
105    $a a
106    $a 010
120    $a a
200    $7 ba0yba0y $8 fre    $9  0  $a Vasconi $b Laure $f 1965-....
300    $a Photographe de presse
686    $a 770 $c Photographie $2 Note de regroupement par domaine
801    $a FR $b FR-751131015 $c 20230606
810    $a Souvenirs du futur : voyage en Russie / photogr., Laure Vasconi, 1999
810    $a Laure Vasconi, photographe / texte de Serge Kaganski, 2004
856    $u http://laurevasconi.com/ $e 2023-06-06
999    $a FRBNF135344752 $b 13534475
152    $b NP

