01807cx  a2200421   4500
001 81094
003 http://catalogue.bnf.fr/ark:/12148/cb12056555k
005 20240514060726.0
010    $a 0000000109070695 $2 ISNI $d 20150313
033    $a http://catalogue.bnf.fr/ark:/12148/cb12056555k
035    $a FRBNF120565556
039    $o OPL $a 003723202
039    $o OPL $a 002702098
039    $o OPP $a 12664092 $d 20160226
039    $o OPP $a 11235181 $d 20160226
039    $o OPP $a 10564135 $d 20160226
039    $o OPP $a 15450434 $d 20160226
039    $o OPP $a 14297472 $d 20160226
039    $o OPP $a 11250539 $d 20160226
039    $o OPP $a 11555567 $d 20160226
039    $o OPP $a 15450435 $d 20220314
100    $a 19840420afrey50      ba0
101    $a fre $t eng
102    $a FR
103    $a  1900      19..    ?
105    $a a
106    $a 1  
120    $a a
200    $7 ba0yba0y $8 fre    $9  0  $a Blanchet $b Marie-Christine $f 1900-19..?
300 0  $a Traductrice
400    $5 j $7 ba0yba0y $8 fre    $9     $a Blanchet $b Madame Émile-R.
400    $5 j $7 ba0yba0y $8 fre    $9     $a Blanchet $b Madame E. R.
400    $5 j $7 ba0yba0y $8 fre    $9     $a Blanchet $b Madame E. B.
801    $a FR $b FR-751131015 $c 20220314
810    $a Amours à Londres : journal 1762-1763 / James Boswell ; préface de André Maurois ; traduction par Marie-Christine Blanchet, 2021 $a Le fugitif / S. Maugham ; texte français de Madame E. R. Blanchet, 1933 $a Le fugitif / par S. Maugham ; trad. de l'anglais par Mme E. B. [sic] Blanchet, 1989 $a Le lion et la sorcière blanche / C. S. Lewis ; texte français de E. R. [Mme Émile-R.] Blanchet, 1973
810    $a BN Cat. gén. suppl. et BN Cat. gén. 1960-1969 : Blanchet (Mme Émile-R.) $a BN Cat. gén. 1970-1979 : Blanchet (Mme Émile-R.) $a BN Sablé
999    $a FRBNF120565556 $b 12056555
152    $b NP

