01318cx  a2200301   4500
001 81223
003 http://catalogue.bnf.fr/ark:/12148/cb12530615m
005 20240514061247.0
010    $a 0000000121402680 $2 VIAF $d 20130729
033    $a http://catalogue.bnf.fr/ark:/12148/cb12530615m
035    $a FRBNF125306155
039    $o OPL $a 012768805
039    $o OPP $a 14052849 $d 20091009
100    $a 19960919afrey50      ba0
101    $a fre
102    $a FR
103    $a  1967               
105    $a a
106    $a 1  
120    $a b
200    $7 ba0yba0y $8 fre    $9  0  $a Héron $b Pierre-Marie $f 1967-....
300 0  $a Ancien élève de l'École normale supérieure, agrégé de lettres modernes, docteur en littérature française (Paris 7, 1995). - Enseignant de littérature française à l'Université Paul-Valéry (en 1996), maître de conférences en littérature française à l'Université Montpellier 3 (en 2003)
801    $a FR $b FR-751131015 $c 20091009
810    $a Entretiens avec Pierre André Benoit sur Jouhandeau et Genet / Pierre-Marie Héron, 1994 $a "Journal du voleur" de Jean Genet / [présenté par] Pierre-Marie Héron, 2003
810    $a SUDOC - http://corail.sudoc.abes.fr (2004-07-23)
856    $u http://corail.sudoc.abes.fr $e 2004-07-23
999    $a FRBNF125306155 $b 12530615
152    $b NP

