01025cx  a2200301   4500
001 81345
003 http://catalogue.bnf.fr/ark:/12148/cb11892314j
005 20240514061411.0
010    $a 0000000083650578 $2 VIAF $d 20130724
033    $a http://catalogue.bnf.fr/ark:/12148/cb11892314j
035    $a FRBNF118923149
039    $o OPL $a 000489908
039    $o OPP $a 11511548 $d 20170316
039    $o OPP $a 11096311 $d 20170316
100    $a 19820407afrey50      ba0
101    $a fre
102    $a FR
103    $a  19250210  20210321 
105    $a a
106    $a 1  
120    $a b
200    $7 ba0yba0y $8 fre    $9  0  $a Blardone $b Gilbert $f 1925-2021
300 0  $a Docteur es sciences économiques. - Professeur à l'Institut universitaire d'études du développement à Genève. - Directeur de la revue "Informations et Commentaires"
801    $a FR $b FR-751131015 $c 20210427
810    $a Le Fonds monétaire international / Gilbert Blardone, 1990
810    $a Monde, 2021-03-26
999    $a FRBNF118923149 $b 11892314
152    $b NP

