00894nx  a2200253   4500
001 81476
003 http://catalogue.bnf.fr/ark:/12148/cb16707240p
005 20240519035300.0
010    $a 0000000418410075 $2 ISNI $d 20150313
033    $a http://catalogue.bnf.fr/ark:/12148/cb16707240p
035    $a FRBNF16707240X
100    $a 20130830afrey50      ba0
101    $a fre
102    $a FR
103    $a  19..               
105    $a a
106    $a 1  
120    $a a
200    $7 ba0yba0y $8 fre    $9  0  $a Zimmer $b Marie-France
300 0  $a Membre de la délégation nationale d'ATD Quart monde en France (en 2013)
801    $a FR $b FR-751131015 $c 20130830
810    $a En finir avec les idées fausses sur les pauvres et la pauvreté / [publié ATD Quart monde] ; [rédigé par Jean-Christophe Sarrot, Bruno Tardieu et Marie-France Zimmer], 2013
999    $a FRBNF16707240X $b 16707240
152    $b NP

