01187cx  a2200289   4500
001 81689
003 http://catalogue.bnf.fr/ark:/12148/cb12987593j
005 20240514062954.0
010    $a 000000006150318X $2 VIAF $d 20130730
033    $a http://catalogue.bnf.fr/ark:/12148/cb12987593j
035    $a FRBNF129875937
039    $o OPL $a 01052353X
100    $a 19940915afrey50      ba0
101    $a ger
102    $a DE
103    $a  1961               
105    $a a
106    $a 1  
120    $a a
152    $c 2 $b NP
200    $7 ba0yba0y $8 fre    $9  0  $a Ackermann $b Kathrin $f 1961-....
300 0  $a Titulaire d'une thèse (Neuphilologische Fakultät, Universität Tübingen, 1992)
801    $a FR $b FR-751131015 $c 20101104
810    $a Fälschung und Plagiat als Motiv in der zeitgenössischen Literatur / Kathrin Ackermann, 1992 [thèse] $a Transpositionen des Televisiven : Fernsehen in Literatur und Film / Kathrin Ackerman, Christopher F. Laherl Herausgegeben ; Unter Mitarbeit von Gabriele Holzinger, 2009
810    $a Bibliothèque nationale, Allemagne - http://z3950gw.dbf.ddb.de (2005-06-21)
856    $u http://z3950gw.dbf.ddb.de $e 2005-06-21
999    $a FRBNF129875937 $b 12987593

