01459cx  a2200289   4500
001 81856
003 http://catalogue.bnf.fr/ark:/12148/cb11913926z
005 20240514063041.0
010    $a 0000000121420045 $2 VIAF $d 20130724
033    $a http://catalogue.bnf.fr/ark:/12148/cb11913926z
035    $a FRBNF119139260
039    $o OPL $a 001064963
100    $a 19760525afrey50      ba0
101    $a fre $t arm $t geo $t lat $t cop
102    $a FR
103    $a  19440321           
105    $a a $a p
106    $a 1  
120    $a b
200    $7 ba0yba0y $8 fre    $9  0  $a Mahé $b Jean-Pierre $f 1944-....
300 0  $a Orientaliste, spécialiste des littératures arméniennes, géorgiennes et coptes. - Responsable de l'"Équipe Caucase" du laboratoire d'histoire et civilisation de Byzance, Collège de France, C.N.R.S., UMR 7572 (en 1979). - Docteur ès lettres (Strasbourg, 1981). - Membre de l'Académie des inscriptions et belles-lettres (2001)
801    $a FR $b FR-751131015 $c 20090623
810    $a Hermès en Haute-Égypte / Jean-Pierre Mahé, 1978-1982 $a La chair du Christ / Tertullien ; introduction, texte critique, traduction et commentaire de Jean-Pierre Mahé, 1975 $a Origène et la baleine : sur "Job et le dragon" en traduction arménienne / Jean-Pierre Mahé, [1980]
810    $a Institut de France - http://www.institut-de-france.fr (2005-05-03)
856    $u http://www.institut-de-france.fr $e 2005-05-03
999    $a FRBNF119139260 $b 11913926
152    $b NP

