00713nx  a2200241   4500
001 82074
003 http://catalogue.bnf.fr/ark:/12148/cb146244158
005 20240517064850.0
010    $a 0000000003356644 $2 ISNI $d 20150312
033    $a http://catalogue.bnf.fr/ark:/12148/cb146244158
035    $a FRBNF146244155
100    $a 20050428afrey50      ba0
101    $a fre $t eng
102    $a FR
103    $a  19..               
105    $a a
106    $a 1  
120    $a a
200    $7 ba0yba0y $8 fre    $9  0  $a Hausman $b Anick
801    $a FR $b FR-751131015 $c 20050428
810    $a First lady / Michael Malone ; trad. de l'anglais (États-Unis) par Anick Hausman, 2005
999    $a FRBNF146244155 $b 14624415
152    $b NP

