00761nx  a2200253   4500
001 82276
003 http://catalogue.bnf.fr/ark:/12148/cb145309778
005 20240517074931.0
010    $a 0000000001261529 $2 VIAF $d 20130802
033    $a http://catalogue.bnf.fr/ark:/12148/cb145309778
035    $a FRBNF145309778
100    $a 20040312afrey50      ba0
101    $a fre $t ger
102    $a FR
103    $a  19..      ....     
105    $a a
106    $a 1  
120    $a a
200    $7 ba0yba0y $8 fre    $9  0  $a Garay $b Nora
300 0  $a Traductrice d'ouvrages pour la jeunesse
801    $a FR $b FR-751131015 $c 20040312
810    $a Petit rapporteur ! / une histoire d'Anita Schorno ; et trad. par Nora Garay, 2004
999    $a FRBNF145309778 $b 14530977
152    $b NP

