00749cx  a2200265   4500
001 82600
003 http://catalogue.bnf.fr/ark:/12148/cb138921190
005 20240514064244.0
010    $a 0000000078242123 $2 VIAF $d 20131024
033    $a http://catalogue.bnf.fr/ark:/12148/cb138921190
035    $a FRBNF138921198
100    $a 19890601afrey50      ba0
102    $a US
103    $a  19370104           
105    $a a $a i
106    $a 010
120    $a a
152    $c 2 $b NP
200    $7 ba0yba0y $8 fre    $9  0  $a Cannon $b Dyan $f 1937-....
300    $a Actrice
301    $a Tacoma
801    $a FR $b FR-751131015 $c 20100423
810    $a IMDB - http://us.imdb.com (2006-10-05)
856    $u http://us.imdb.com $e 2006-10-05
999    $a FRBNF138921198 $b 13892119

