01469cx  a2200373   4500
001 82751
005 20160121060849.0
009 http://catalogue.bnf.fr/ark:/12148/cb13013156d
039    $o OPL $a 011380550 $z APP
039    $o OPL $a 010739655 $z AMA
039    $o OPP $a 14820590 $d 20150113
039    $o OPP $a 14960638 $d 20150113
100    $a 19950510afrey50      ba0
101    $a fre
102    $a FR
103    $a  18730610  19430114 
105    $a a
106    $a 010
120    $a b
152    $a AFNOR Z 44-061 $b NP
200    $7 ba0yba0y $8 fre    $9  0  $a Scott $b Georges $f 1873-1943
300    $a Peintre de sujets militaires et illustrateur. - Affichiste. - Collaborateur fidèle de la revue "L'illustration"
400    $7 ba0yba0y $8 fre    $9     $a Scott $b George $f 1873-1943
400    $5 e $7 ba0yba0y $8 fre    $9     $a Scott de Plagnolles $b George $f 1873-1943
400    $5 e $7 ba0yba0y $8 fre    $9     $a Plagnolles $b George Scott de $f 1873-1943
400    $7 ba0yba0y $8 fre    $9     $a Scott $b Georges Bertin $f 1873-1943
400    $7 ba0yba0y $8 fre    $9     $a Bertin Scott $b Georges $f 1873-1943
686    $a 700 $c Arts (sauf littérature) $2 Note de regroupement par domaine
801    $a FR $b FR-751131015 $c 20150113
810    $a Le recordman / par M. Remy Saint-Maurice ; ill. de G. Scott, 1898
810    $a Bénézit, 1976 : Scott (Georges Bertin), dit Scott de Plagnolles
810    $a ABF
815    $a BN Cat. gén.. - BN Cat. gén. suppl.. - BN Cat. gén. 1960-1969
999    $a 13013156

