01111cx  a2200277   4500
001 82955
003 http://catalogue.bnf.fr/ark:/12148/cb139394063
005 20240514064901.0
010    $a 0000000114420346 $2 VIAF $d 20130731
033    $a http://catalogue.bnf.fr/ark:/12148/cb139394063
035    $a FRBNF139394069
100    $a 19910619afrey50      ba0
101    $a eng
102    $a US
103    $a  19380709  20200415 
105    $a i $a a
106    $a 1  
120    $a b
152    $c 2 $b NP
200    $7 ba0yba0y $8 fre    $9  0  $a Dennehy $b Brian $f 1938-2020
300 0  $a Acteur. - Réalisateur
801    $a FR $b FR-751131015 $c 20240104
810    $a William Shakespeare's Romeo + Juliet [Images animées] / Baz Luhrmann, réal., scénario ; Leonardo DiCaprio, Claire Danes, Brian Dennehy, act... [et al.]. Fox vidéo, 1996
810    $a IMDb - http://www.imdb.com/name/nm0001133 (2015-02-20) $a Wikipedia - https://fr.wikipedia.org/wiki/Brian_Dennehy (2020-05-26)
856    $u http://www.imdb.com/name/nm0001133 $e 2015-02-20 $u https://fr.wikipedia.org/wiki/Brian_Dennehy $e 2020-05-26
999    $a FRBNF139394069 $b 13939406

