00836cx  a2200241   4500
001 83144
003 http://catalogue.bnf.fr/ark:/12148/cb150072034
005 20240514065426.0
010    $a 0000000385982375 $2 ISNI $d 20131217
033    $a http://catalogue.bnf.fr/ark:/12148/cb150072034
035    $a FRBNF150072035
100    $a 20050923afrey50      ba0
102    $a ES
103    $a  19..               
105    $a i
106    $a 1  
120    $a a
152    $c 2 $b NP
200    $7 ba0yba0y $8 fre    $9  0  $a Blasco $b Josepa
300 0  $a Chanteuse de cant d'estil (chant traditionnel de la région de Valence, Espagne)
801    $a FR $b FR-751131015 $c 20050927
810    $a Espagne [Enregistrement sonore] :  joutes chantées / Josepa Blasco, Pilar Garcia, Xiquet del Carme, chant... [et al.]. Ocora C 560189
999    $a FRBNF150072035 $b 15007203

