01058cx  a2200265   4500
001 83333
003 http://catalogue.bnf.fr/ark:/12148/cb13894721p
005 20240514065534.0
010    $a 0000000115641474 $2 VIAF $d 20130731
033    $a http://catalogue.bnf.fr/ark:/12148/cb13894721p
035    $a FRBNF138947218
100    $a 19890601afrey50      ba0
102    $a DE
103    $a  19320406  20041119 
105    $a i
106    $a 010
120    $a b
152    $c 2 $b NP
200    $7 ba0yba0y $8 fre    $9  0  $a Griem $b Helmut $f 1932-2004
300    $a Acteur
801    $a FR $b FR-751131015 $c 20151028
810    $a Cabaret [Images animées] / Bob Fosse, réal. ; Jay Allen, scénario ; John Kander, comp. ; Christopher Isherwood, aut. adapté ; Liza Minelli, Michael York, Helmut Griem, Fritz Wepper... [et al.], act. - Sloligh Sl2 4Qp : Pioneer LDCE [éd.] ; Nanterre : Pioneer Setton [distrib.], 1993 (DL).
810    $a IMDB - http://us.imdb.com (2000-08-07) $a Libération, 2004-11-29
856    $u http://us.imdb.com $e 2000-08-07
999    $a FRBNF138947218 $b 13894721

