01113cx  a2200277   4500
001 83515
003 http://catalogue.bnf.fr/ark:/12148/cb13993093j
005 20240514070131.0
010    $a 000000011000744X $2 VIAF $d 20130731
033    $a http://catalogue.bnf.fr/ark:/12148/cb13993093j
035    $a FRBNF139930937
039    $o OPP $a 10862561 $d 20061120
100    $a 19960906afrey50      ba0
102    $a US
103    $a  19021202  19950817 
105    $a a
106    $a 1  
120    $a b
152    $c 2 $b NP
200    $7 ba0yba0y $8 fre    $9  0  $a Koch $b Howard $f 1902-1995
300 0  $a Scénariste
801    $a FR $b FR-751131015 $c 20141009
810    $a 633 squadron [Images animées] / Walter E. Grauman, réal ; James Clavell, Howard Koch, scénario ; Frederick E. Smith, aut adapt ; Ron Goodwin, mus ; Cliff Robertson, George Chakiris, Maria Perschy, Harry Andrews... [et al], act. - Paris : Warner home video France [éd.] ; Paris : Warner home video France [distrib.], 1990 (DL)
810    $a IMDB - http://us.imdb.com (2006-11-20)
856    $u http://us.imdb.com $e 2006-11-20
999    $a FRBNF139930937 $b 13993093

