00967cx  a2200253   4500
001 83688
003 http://catalogue.bnf.fr/ark:/12148/cb11956310g
005 20240513025241.0
033    $a http://catalogue.bnf.fr/ark:/12148/cb11956310g
035    $a FRBNF119563106
039    $o OPL $a 001847500
100    $a 19830620afrey50      ba0
106    $a 211
152    $b SNC $c 2
159    $a rameau
250    $7 ba0yba0y $8 fre    $9     $a Mutineries
305 1  $a Voir aussi aux noms des mutineries particulières, par ex. Bounty, Mutinerie du (1789) ; Mer Noire, Mutineries de la (1919)
450    $7 ba0yba0y $8 fre    $9     $a Mutinerie
550    $5 g $3 12653312 $7 ba0yba0y $8 fre    $9     $a Délits militaires
550    $5 g $3 12675710 $7 ba0yba0y $8 fre    $9     $a Insubordination
801    $a FR $b FR-751131015 $c 19941221
822 12 $a Mutineries $2 RVMLaval $d 1994-12-21
822 1  $a Mutiny $2 LCSH $u http://id.loc.gov/authorities/subjects/sh85089136 $d 2017-02-09
999    $a FRBNF119563106 $b 11956310

