00852nx  a2200265   4500
001 83858
003 http://catalogue.bnf.fr/ark:/12148/cb15043791g
005 20240514070845.0
010    $a 0000000002545689 $2 ISNI $d 20150312
033    $a http://catalogue.bnf.fr/ark:/12148/cb15043791g
035    $a FRBNF150437911
100    $a 20060220afrey50      ba0
101    $a fre
102    $a FR
103    $a  19..               
105    $a a
106    $a 1  
120    $a a
200    $7 ba0yba0y $8 fre    $9  0  $a Chevalier-Leibovitz $b Claire
300 0  $a Chanteuse, peintre et écrivain
400    $7 ba0yba0y $8 fre    $9     $a Leibovitz $b Claire Chevalier-
801    $a FR $b FR-751131015 $c 20060220
810    $a Poésie et chanson brésiliennes / textes choisis et traduits par Claire Chevalier-Leibovitz, DL 2005
999    $a FRBNF150437911 $b 15043791
152    $b NP

