01136cx  a2200265   4500
001 84022
003 http://catalogue.bnf.fr/ark:/12148/cb15117327s
005 20240514071452.0
010    $a 0000000400333411 $2 ISNI $d 20160216
033    $a http://catalogue.bnf.fr/ark:/12148/cb15117327s
035    $a FRBNF151173279
100    $a 20061201afrey50      ba0
102    $a FR
103    $a  19..               
105    $a i $a a
106    $a 1  
120    $a b
200    $7 ba0yba0y $8 fre    $9  0  $a Blanquefort $b Antoine
300 0  $a Acteur, réalisateur et scénariste
801    $a FR $b FR-751131015 $c 20171227
810    $a Un Flaubert sinon rien ! [Images animées] / Dominic Bachy, réal. ; Jean-Luc Bideau, Antoine Blanquefort, Jacques Séguéla... [et al.], act. Elytel, [2006]
810    $a IMDB - http://www.imdb.com/name/nm0087604 (2006-12-26) $a UniFrance - http://www.unifrance.org/annuaires/personne/301539/antoine-blanquefort (2011-10-13)
856    $u http://www.imdb.com/name/nm0087604/ $e 2006-12-26 $u http://www.unifrance.org/annuaires/personne/301539/antoine-blanquefort $e 2011-10-13
999    $a FRBNF151173279 $b 15117327
152    $b NP

