00967cx  a2200277   4500
001 84352
003 http://catalogue.bnf.fr/ark:/12148/cb150104663
005 20240515070258.0
010    $a 0000000114613084 $2 VIAF $d 20130805
033    $a http://catalogue.bnf.fr/ark:/12148/cb150104663
035    $a FRBNF150104668
100    $a 20051007afrey50      ba0
101    $a eng
102    $a US
103    $a  19580418           
105    $a a
106    $a 1  
120    $a b
152    $c 2 $b NP
200    $7 ba0yba0y $8 fre    $9  0  $a Hagen $b George $f 1958-....
300 0  $a Romancier. - Études de cinéma
801    $a FR $b FR-751131015 $c 20090914
810    $a La famille Lament / George Hagen, impr. 2005 $a Les grandes espérances du jeune Bedlam / George Hagen , traduit de l'américain par Isabelle Chapman, DL 2009
810    $a LC Authorities - http://authorities.loc.gov (2005-10-07)
856    $u http://authorities.loc.gov $e 2005-10-07
999    $a FRBNF150104668 $b 15010466

