00796cx  a2200241   4500
001 84519
003 http://catalogue.bnf.fr/ark:/12148/cb12081013p
005 20240515070934.0
033    $a http://catalogue.bnf.fr/ark:/12148/cb12081013p
035    $a FRBNF120810137
039    $o OPL $a 00408651X
100    $a 19880727afrey50      ba0
106    $a 201
152    $b SNC $c 2
159    $a rameau
180    $a a
280  0 $7 ba0yba0y $8 fre    $9     $a Récits personnels polonais
330    $a S'emploie également en subdivision
550    $5 z $0 Voir aussi $3 11932826 $7 ba0yba0y $8 fre    $9     $a Pologne $x Histoire
686    $a 900 $c Histoire et géographie (généralités) $2 Note de regroupement par domaine
801    $a FR $b FR-751131015 $c 20131205
822 11 $2 LCSH $d 2013-12-05
999    $a FRBNF120810137 $b 12081013

