02717cx  a2200493   4500
001 84707
003 http://catalogue.bnf.fr/ark:/12148/cb11938403j
005 20240515071644.0
033    $a http://catalogue.bnf.fr/ark:/12148/cb11938403j
035    $a FRBNF119384039
039    $o OPL $a 001608482
100    $a 19840426afrey50      ba0
106    $a 211
152    $b SNC $c 2
159    $a rameau
250    $7 ba0yba0y $8 fre    $9     $a Plantes $x Collectionneurs et collections
450    $7 ba0yba0y $8 fre    $9     $a Botanique $x Spécimens -- Collectionneurs et collections
450    $7 ba0yba0y $8 fre    $9     $a Botanique $x Spécimens -- Collections
450    $7 ba0yba0y $8 fre    $9     $a Botanique $x Spécimens -- Collections et conservation
450    $7 ba0yba0y $8 fre    $9     $a Plantes $x Collections
450    $7 ba0yba0y $8 fre    $9   2 $a Plantes $x Collections et conservation
450    $7 ba0yba0y $8 fre    $9     $a Plantes $x Spécimens -- Collections
450    $7 ba0yba0y $8 fre    $9     $a Plantes $x Spécimens -- Collectionneurs et collections
450    $7 ba0yba0y $8 fre    $9     $a Plantes cultivées $x Collectionneurs et collections
450    $7 ba0yba0y $8 fre    $9     $a Plantes cultivées $x Collections
450    $7 ba0yba0y $8 fre    $9     $a Plantes cultivées $x Collections et conservation
450    $7 ba0yba0y $8 fre    $9     $a Plantes cultivées $x Spécimens -- Collectionneurs et collections
450    $7 ba0yba0y $8 fre    $9     $a Plantes cultivées $x Spécimens -- Collections
450    $7 ba0yba0y $8 fre    $9     $a Plantes sauvages $x Collectionneurs et collections
450    $7 ba0yba0y $8 fre    $9     $a Plantes sauvages $x Collections
450    $7 ba0yba0y $8 fre    $9     $a Plantes sauvages $x Collections et conservation
450    $7 ba0yba0y $8 fre    $9     $a Plantes sauvages $x Spécimens -- Collectionneurs et collections
450    $7 ba0yba0y $8 fre    $9     $a Plantes sauvages $x Spécimens -- Collections
550    $5 z $0 Voir aussi $3 11981457 $7 ba0yba0y $8 fre    $9     $a Musées botaniques
550    $5 z $0 Voir aussi $3 11933871 $7 ba0yba0y $8 fre    $9     $a Jardins botaniques
550    $5 z $0 Voir aussi $3 16928940 $7 ba0yba0y $8 fre    $9     $a Collecteurs de plantes
550    $5 z $0 Voir aussi $3 12365765 $7 ba0yba0y $8 fre    $9     $a Plantes $x Spécimens-types
550    $5 z $0 Voir aussi $3 11974595 $7 ba0yba0y $8 fre    $9     $a Plantes $x Conservation
550    $5 z $0 Voir aussi $3 12501912 $7 ba0yba0y $8 fre    $9     $a Plantes $x Conservation des ressources
550    $5 g $3 11965000 $7 ba0yba0y $8 fre    $9     $a Sciences naturelles $x Collectionneurs et collections
580  0 $5 h $3 12144301 $7 ba0yba0y $8 fre    $9     $a Herbiers
686    $a 580 $c Botanique $2 Note de regroupement par domaine
801    $a FR $b FR-751131015 $c 19970217
999    $a FRBNF119384039 $b 11938403

