00824cx  a2200265   4500
001 84954
003 http://catalogue.bnf.fr/ark:/12148/cb13743349h
005 20240515071836.0
010    $a 0000000002979348 $2 VIAF $d 20130731
033    $a http://catalogue.bnf.fr/ark:/12148/cb13743349h
035    $a FRBNF137433491
039    $o OPL $a 015661388
100    $a 20010912afrey50      ba0
101    $a fre
102    $a FR
103    $a  1946               
105    $a a
106    $a 1  
120    $a b
200    $7 ba0yba0y $8 fre    $9  0  $a Roehr $b Alain $f 1946-....
300 0  $a Romancier. - Professeur de lycée en région parisienne (en 2001)
801    $a FR $b FR-751131015 $c 20050302
810    $a Art de la fugue : roman / Alain Roehr, 2001 $a Le fil de l'eau / Alain Roehr, 2005
999    $a FRBNF137433491 $b 13743349
152    $b NP

