01037cx  a2200265   4500
001 85164
003 http://catalogue.bnf.fr/ark:/12148/cb12484953t
005 20240515072549.0
033    $a http://catalogue.bnf.fr/ark:/12148/cb12484953t
035    $a FRBNF124849536
039    $o OPL $a 011731298
100    $a 19951006afrey50      ba0
106    $a 211
152    $b GENRE/FORM $c 2
159    $a rameau
180    $a b
280  0 $7 ba0yba0y $8 fre    $9     $a Contes bulgares
580  0 $5 h $3 16657337 $7 ba0yba0y $8 fre    $9     $a Contes de fées bulgares
580  0 $5 g $3 11981324 $7 ba0yba0y $8 fre    $9     $a Contes slaves
580  0 $5 g $3 13577409 $7 ba0yba0y $8 fre    $9     $a Littérature populaire bulgare
686    $a 390 $c Ethnologie, anthropologie, folklore $2 Note de regroupement par domaine
686    $a 800 $c Histoire et critique littéraires $2 Note de regroupement par domaine
801    $a FR $b FR-751131015 $c 20110525
822 1  $a Tales--Bulgaria $2 LCSH $u http://id.loc.gov/authorities/subjects/sh2008112439 $d 2017-02-09
999    $a FRBNF124849536 $b 12484953

