00763nx  a2200241   4500
001 85441
003 http://catalogue.bnf.fr/ark:/12148/cb122325050
005 20240517045538.0
010    $a 0000000117566666 $2 VIAF $d 20130725
033    $a http://catalogue.bnf.fr/ark:/12148/cb122325050
035    $a FRBNF122325054
039    $o OPL $a 007935398
100    $a 19920113afrey50      ba0
101    $a fre
102    $a BE
105    $a a
106    $a 1  
152    $c 2 $b NP
200    $7 ba0yba0y $8 fre    $9  0  $a Rimé $b Bernard
300 0  $a Professeur de psychologie à l'Université de Louvain (en 1991)la-
801    $a FR $b FR-751131015 $c 19920113
810    $a Fundamentals of nonverbal behavior / ed. by R.S. Feldman and B. Rimé (en 1991)
999    $a FRBNF122325054 $b 12232505

