01695cx  a2200349   4500
001 85695
003 http://catalogue.bnf.fr/ark:/12148/cb12335187z
005 20240518020133.0
033    $a http://catalogue.bnf.fr/ark:/12148/cb12335187z
035    $a FRBNF123351874
039    $o OPL $a 009261998
100    $a 19930924afrey50      ba0
106    $a 211
152    $b SNC $c 2
159    $a rameau
250    $7 ba0yba0y $8 fre    $9     $a Peinture à l'encre
450    $7 ba0yba0y $8 fre    $9     $a Encre, Peinture à l'
450    $7 ba0yba0y $8 fre    $9     $a Encre de Chine, Peinture à l'
450    $7 ba0yba0y $8 fre    $9     $a Lavis (peinture à l'encre)
450    $7 ba0yba0y $8 fre    $9     $a Peinture à l'encre de Chine
450    $7 ba0yba0y $8 fre    $9     $a Peinture à l'encre monochrome
450    $7 ba0yba0y $8 fre    $9     $a Peinture en lavis à l'encre
550    $5 z $0 Voir aussi $3 11963465 $7 ba0yba0y $8 fre    $9   2 $a Encre
550    $5 g $3 11933055 $7 ba0yba0y $8 fre    $9     $a Peinture $x Technique
686    $a 750 $c Peinture $2 Note de regroupement par domaine
801    $a FR $b FR-751131015 $c 20131226
810    $a Encycl. universalis (art. : Peinture : les techniques) - http://www.universalis-edu.com (2013-12-26) $a Encycl. Larousse (art. : Tessai) - http://www.larousse.fr (2013-12-26)
810    $a Dict. de la peinture : la peinture occidentale du Moyen âge à nos jours / M. Laclotte, J.-P. Cuzin, 1997 (art. : Encre)
822 12 $a Peinture à l'encre $2 RVMLaval $d 2013-12-26
822 1  $a Ink painting $2 LCSH $u http://id.loc.gov/authorities/subjects/sh85066455 $d 2017-02-09
856    $u http://www.universalis-edu.com $e 2013-12-26 $u http://www.larousse.fr $e 2013-12-26
999    $a FRBNF123351874 $b 12335187

