01298cx  a2200313   4500
001 85879
003 http://catalogue.bnf.fr/ark:/12148/cb15801339b
005 20240507040028.0
010    $a 0000000120324422 $2 VIAF $d 20130806
033    $a http://catalogue.bnf.fr/ark:/12148/cb15801339b
035    $a FRBNF158013398
039    $o OPP $a 18098982 $d 20240321
100    $a 20081007afrey50      ba0
101    $a eng
102    $a CA
103    $a  19870221           
105    $a i $a a
106    $a 010
120    $a b
152    $c 2 $b NP
200    $7 ba0yba0y $8 fre    $9  0  $a Page $b Elliot $f 1987-....
300    $a Acteur de cinéma et de télévision, producteur et réalisateur
400    $7 ba0yba0y $8 fre    $9     $a Page $b Ellen
686    $a 790 $c Spectacles et loisirs (généralités) $2 Note de regroupement par domaine
801    $a FR $b FR-751131015 $c 20240321
810    $a Juno / Jason Reitman, réal. ; Ellen Page, Michael Cera, Jennifer Garner [et al.], act. Twentieth century Fox, [DL 2008] [Image animée : vidéo] $a Pageboy : autoportrait d'un artiste / Elliot Page ; traduit de l'anglais (Canada) par Marie Brazillier. Paris : Kero, DL 2023
810    $a Monde, 2020-12-04 $a IMDB - http://www.imdb.com (2015-11-10)
856    $u http://www.imdb.com $e 2015-11-10
999    $a FRBNF158013398 $b 15801339

