01263cx  a2200265   4500
001 86024
003 http://catalogue.bnf.fr/ark:/12148/cb141726025
005 20240516020127.0
010    $a 0000000009240781 $2 VIAF $d 20130801
033    $a http://catalogue.bnf.fr/ark:/12148/cb141726025
035    $a FRBNF141726023
100    $a 20030310afrey50      ba0
102    $a FR
103    $a  19891006           
105    $a i
106    $a 1  
120    $a a
200    $7 ba0yba0y $8 fre    $9  0  $a Donda $b Camille $f 1989-....
300 0  $a Comédienne, spécialisée dans le doublage. - Chanteuse
801    $a FR $b FR-751131015 $c 20161205
810    $a Lilo & Stitch [Ressource électronique] / Blitz games. Sony computer entertainment Europe, 2002 $a Winnie l'ourson et ses plus belles chansons [Enregistrement sonore] / Patrick Préjean, Camille Donda, Dominique Poulain, chant... [et al.]. Walt Disney 0927-44662-2
810    $a Wikipédia - https://fr.wikipedia.org/wiki/Camille_Donda (2016-12-05) $a RS doublage - http://www.rsdoublage.com/comedien-529-Donda-Camille.html (2016-12-05)
856    $u https://fr.wikipedia.org/wiki/Camille_Donda $e 2016-12-05 $u http://www.rsdoublage.com/comedien-529-Donda-Camille.html $e 2016-12-05
999    $a FRBNF141726023 $b 14172602
152    $b NP

