01293cx  a2200409   4500
001 86187
003 http://catalogue.bnf.fr/ark:/12148/cb134789395
005 20240509033505.0
010    $a 0000000081692678 $2 VIAF $d 20130730
033    $a http://catalogue.bnf.fr/ark:/12148/cb134789395
035    $a FRBNF134789393
039    $o OPL $a 013609300
039    $o OPL $a 003877022
039    $o OPL $a 001194704
039    $o OPP $a 12061301 $d 20081229
039    $o OPP $a 13807345 $d 20081229
039    $o OPP $a 13835733 $d 20081229
039    $o OPP $a 14694337 $d 20081229
039    $o OPP $a 11476644 $d 20081229
039    $o OPP $a 13938275 $d 20081229
039    $o OPP $a 12629993 $d 20081229
039    $o OPP $a 14772028 $d 20081229
100    $a 19971217afrey50      ba0
101    $a spa
102    $a CL
103    $a  19171004  19670205 
105    $a a $a i
106    $a 010
120    $a a
152    $c 2 $b NP
200    $7 ba0yba0y $8 fre    $9  0  $a Parra $b Violeta $f 1917-1967
300    $a Poétesse, peintre et musicienne
301    $a San Carlos (Chili)
801    $a FR $b FR-751131015 $c 20081229
810    $a Violeta del pueblo / Violeta Parra ; pról., selección y notas Javier Martínez Reverte, 1996
810    $a Dicc. de la lit. chilena / E. Szmulewicz, 1984
999    $a FRBNF134789393 $b 13478939

