00938cx  a2200301   4500
001 86382
003 http://catalogue.bnf.fr/ark:/12148/cb12273631w
005 20240513023123.0
010    $a 0000000059579302 $2 VIAF $d 20130725
033    $a http://catalogue.bnf.fr/ark:/12148/cb12273631w
035    $a FRBNF122736319
039    $o OPL $a 008487909
100    $a 19921202afrey50      ba0
101    $a fre
102    $a MA
103    $a  1946      20080720 
105    $a a
106    $a 010
120    $a b
152    $c 2 $b NP
200    $7 ba0yba0y $8 fre    $9  0  $a Leftah $b Mohamed $f 1946-2008
300    $a Romancier
301    $a Settat (Maroc) $b Le Caire (Égypte)
801    $a FR $b FR-751131015 $c 20150124
810    $a Demoiselles de Numidie / Mohamed Leftah, 1992
810    $a Écrivains arabes d'hier et d'aujourd'hui / sous la dir. de F. Mardam-Bey, 1996 $a Monde, 2008-08-02
815    $a BN Service arabe
999    $a FRBNF122736319 $b 12273631

