00703cx  a2200229   4500
001 86536
003 http://catalogue.bnf.fr/ark:/12148/cb16513248b
005 20240507043345.0
010    $a 0000000119664227 $2 VIAF $d 20130808
033    $a http://catalogue.bnf.fr/ark:/12148/cb16513248b
035    $a FRBNF165132488
100    $a 20110530afrey50      ba0
102    $a SN
103    $a  1985               
105    $a a
106    $a 1  
120    $a b
152    $c 2 $b NP
200    $7 ba0yba0y $8 fre    $9  0  $a Diago $b Alassane $f 1985-....
801    $a FR $b FR-751131015 $c 20110802
810    $a Les larmes de l'émigration [Images animées] / Alassane Diago, réal. Doc net, [2011]
999    $a FRBNF165132488 $b 16513248

