00772cx  a2200253   4500
001 86705
003 http://catalogue.bnf.fr/ark:/12148/cb135049466
005 20240516074611.0
010    $a 0000000000506838 $2 ISNI $d 20160215
033    $a http://catalogue.bnf.fr/ark:/12148/cb135049466
035    $a FRBNF135049467
039    $o OPL $a 014637014
100    $a 19991022afrey50      ba0
101    $a fre
102    $a FR
103    $a  19670103           
105    $a a
106    $a 1  
120    $a a
200    $7 ba0yba0y $8 fre    $9  0  $a Silhol $b Léa $f 1967-....
801    $a FR $b FR-751131015 $c 20041231
810    $a Écrit avec du sang / Tanith Lee ; annot. par Léa Silhol, 2002 $a Musiques de la frontière / Léa Silhol, 2004
999    $a FRBNF135049467 $b 13504946
152    $b NP

