01151cx  a2200277   4500
001 86870
003 http://catalogue.bnf.fr/ark:/12148/cb14456592r
005 20240518030515.0
033    $a http://catalogue.bnf.fr/ark:/12148/cb14456592r
035    $a FRBNF144565924
100    $a 20030221afrey50      ba0
102    $a FR
103    $a  1976      19820115 
105    $a i
106    $a 1  
150    $a y $b v8  
210    $7 ba0yba0y $8 fre    $9 20  $a Strychnine $c Groupe de rock)
300 0  $a Groupe de rock
303    $a Bordeaux, Gironde
307    $a Kick, chant $a Doninska, David, guitare $a Tisné, Francis, guitare basse $a Maldoror, Luc, batterie $a Sire, Jean-Pierre, "JP JP", guitare $a Brousse, R "Richard Spleen", basse
500    $5 z $0 A pour membre :  $3 14476410 $7 ba0yba0y $8 fre    $9  0  $a Kick
801    $a FR $b FR-751131015 $c 20160805
810    $a Paink [Enregistrement sonore] : French punk anthems : 1977-1982 / Nouveaux riches, Strychnine, Electrochoc... [et al.], groupes voc. et instr.. - Romainville (Seine-Saint-Denis) : Born bad records, [DL 2016].
810    $a Discographie du rock français
999    $a FRBNF144565924 $b 14456592
152    $b CO

