01166cx  a2200277   4500
001 87029
003 http://catalogue.bnf.fr/ark:/12148/cb15026459g
005 20240517061141.0
010    $a 000000000242684X $2 VIAF $d 20130805
033    $a http://catalogue.bnf.fr/ark:/12148/cb15026459g
035    $a FRBNF150264594
100    $a 20051213afrey50      ba0
101    $a fre
102    $a FR
103    $a  19670623           
105    $a a
106    $a 1  
120    $a b
200    $7 ba0yba0y $8 fre    $9  0  $a Crooks $b Pierre $f 1967-....
300 0  $a Auteur et éditeur d'ouvrages pour la jeunesse
801    $a FR $b FR-751131015 $c 20091002
810    $a Jeanne la girafe / illustrations de Julie Mercier ; texte de Pierre Crooks, DL 2005 $a International tennis open [Ressource électronique] / Infogrames, Bertrand Brocard, réal. ; Infogrames, conception ; Pierre Crooks, William Hennebois, graph. ; Georges Eddy, comment. ; Ben Smith, Guy Buffet, présent. ; Thierry Carron, comp., 1992 (cop.)
810    $a Ricochet - http://www.ricochet-jeunes.org (2006-01-06)
856    $u http://www.ricochet-jeunes.org $e 2006-01-06
999    $a FRBNF150264594 $b 15026459
152    $b NP

