00915cx  a2200289   4500
001 87217
003 http://catalogue.bnf.fr/ark:/12148/cb13561222s
005 20240517061315.0
010    $a 0000000114672877 $2 ISNI $d 20150313
033    $a http://catalogue.bnf.fr/ark:/12148/cb13561222s
035    $a FRBNF135612225
039    $o OPL $a 014995050
100    $a 20000626afrey50      ba0
101    $a eng
102    $a ZA
103    $a  19780104           
105    $a a
106    $a 1  
120    $a b
152    $c 2 $b NP
200    $7 ba0yba0y $8 fre    $9  0  $a Mason $b Richard $f 1978-....
300 0  $a Romancier
801    $a FR $b FR-751131015 $c 20130715
810    $a Le bal des imposteurs / Richard Mason ; [traduit de l'anglais], 1999
810    $a Contemporary authors - http://infotrac.london.galegroup.com (2013-07-15)
856    $u http://infotrac.london.galegroup.com $e 2013-07-15
999    $a FRBNF135612225 $b 13561222

