00828nx  a2200265   4500
001 87411
003 http://catalogue.bnf.fr/ark:/12148/cb15036143g
005 20240517061920.0
010    $a 0000000072521578 $2 VIAF $d 20130805
033    $a http://catalogue.bnf.fr/ark:/12148/cb15036143g
035    $a FRBNF150361431
100    $a 20060124afrey50      ba0
101    $a fre
102    $a FR
103    $a  1963               
105    $a a
106    $a 1  
120    $a b
200    $7 ba0yba0y $8 fre    $9  0  $a Riedmatten $b Éric de $f 1963-....
300 0  $a Journaliste
400    $7 ba0yba0y $8 fre    $9     $a De Riedmatten $b Éric $f 1963-....
801    $a FR $b FR-751131015 $c 20060124
810    $a XXIe siècle, les innovations qui vont changer notre vie / Éric De Riedmatten, impr. 2005
999    $a FRBNF150361431 $b 15036143
152    $b NP

