00874cx  a2200277   4500
001 87553
003 http://catalogue.bnf.fr/ark:/12148/cb15041327s
005 20240507032527.0
010    $a 0000000119848165 $2 VIAF $d 20130805
033    $a http://catalogue.bnf.fr/ark:/12148/cb15041327s
035    $a FRBNF15041327X
100    $a 20060210afrey50      ba0
101    $a eng
102    $a GB
103    $a  19521002           
105    $a a
106    $a 1  
120    $a b
152    $c 2 $b NP
200    $7 ba0yba0y $8 fre    $9  0  $a Cotterill $b Colin $f 1952-....
300 0  $a Romancier, dessinateur
801    $a FR $b FR-751131015 $c 20060210
810    $a Le déjeuner du coroner / Colin Cotterill, impr. 2006
810    $a Internet - http://www.colincotterill.com/bio.htm (2006-02-10)
856    $u http://www.colincotterill.com/bio.htm $e 2006-02-10
999    $a FRBNF15041327X $b 15041327

