00741cx  a2200253   4500
001 87703
003 http://catalogue.bnf.fr/ark:/12148/cb13207136w
005 20240517063348.0
010    $a 0000000059594721 $2 VIAF $d 20130730
033    $a http://catalogue.bnf.fr/ark:/12148/cb13207136w
035    $a FRBNF132071362
039    $o OPL $a 013855437
100    $a 19980525afrey50      ba0
101    $a fre $t ger
102    $a FR
103    $a  19..               
105    $a a
106    $a 1  
120    $a a
200    $7 ba0yba0y $8 fre    $9  0  $a Déchin $b Brigitte
801    $a FR $b FR-751131015 $c 20080109
810    $a Nils-Udo, "Nids" / Elmar Zorn ; [trad. de l'allemand par Brigitte Déchin], 2003
999    $a FRBNF132071362 $b 13207136
152    $b NP

