01065cx  a2200277   4500
001 87866
003 http://catalogue.bnf.fr/ark:/12148/cb11914772t
005 20240517063451.0
010    $a 000000000655251X $2 ISNI $d 20150312
033    $a http://catalogue.bnf.fr/ark:/12148/cb11914772t
035    $a FRBNF119147727
039    $o OPL $a 001087848
100    $a 19771108afrey50      ba0
101    $a fre
102    $a XX
105    $a a
106    $a 1  
200    $7 ba0yba0y $8 fre    $9  0  $a Martin-Cunnington $b Carmen
300 0  $a Traduit de l'anglais en français
400    $7 ba0yba0y $8 fre    $9     $a Cunnington $b Carmen Martin-
400    $7 ba0yba0y $8 fre    $9     $a Cunnington-Martin $b Carmen
400    $7 ba0yba0y $8 fre    $9     $a Martin $b Carmen Cunnington-
801    $a FR $b FR-751131015 $c 19960617
810    $a Fleurs séchées / Moyna McWilliam et Dorothy Shipman ; [trad. par Carmen Cunnington-Martin], cop. 1977 $a Poupées de chiffon / Petra Boase ; [trad. par Marie-Christine Rodier et Carmen Martin-Cunnington], 1996
999    $a FRBNF119147727 $b 11914772
152    $b NP

