01224cx  a2200277   4500
001 88006
003 http://catalogue.bnf.fr/ark:/12148/cb13901145m
005 20240518034053.0
010    $a 0000000001066440 $2 VIAF $d 20130731
033    $a http://catalogue.bnf.fr/ark:/12148/cb13901145m
035    $a FRBNF139011453
100    $a 19890601afrey50      ba0
102    $a FR
103    $a  1946               
105    $a a $a i
106    $a 010
120    $a a
200    $7 ba0yba0y $8 fre    $9  0  $a Wiener $b Élisabeth $f 1946-....
300    $a Actrice. - Auteur, compositrice (notamment de musique de film), interprète (chanteuse, accordéoniste, percussionniste). - Forme un duo avec Michel Françoise
510    $5 xxxk $0 Membre de :  $3 14247119 $7 ba0yba0y $8 fre    $9 20  $a Castafiore Bazooka
510    $5 xxxk $0 Membre de :  $3 14451299 $7 ba0yba0y $8 fre    $9 20  $a Nyl
510    $5 xxxk $0 Membre de :  $3 14781429 $7 ba0yba0y $8 fre    $9 20  $a Phoenix $c Groupe de rock alternatif $c Groupe de rock alternatif
801    $a FR $b FR-751131015 $c 20140329
810    $a Nouveautés mars 1997 [Enregistrement sonore] / Elisabeth Wiener, Michel Françoise, Philippe Lafontaine... [et al.], chant. RFI 97MND03
999    $a FRBNF139011453 $b 13901145
152    $b NP

