00994cx  a2200277   4500
001 88154
003 http://catalogue.bnf.fr/ark:/12148/cb15093106s
005 20240517064908.0
010    $a 0000000114584340 $2 VIAF $d 20130805
033    $a http://catalogue.bnf.fr/ark:/12148/cb15093106s
035    $a FRBNF150931066
100    $a 20060901afrey50      ba0
101    $a eng
102    $a US
103    $a  19740723           
105    $a i
106    $a 1  
120    $a a
152    $c 2 $b NP
200    $7 ba0yba0y $8 fre    $9  0  $a Hahn $b Kathryn $f 1974-....
300 0  $a Comédienne
801    $a FR $b FR-751131015 $c 20150310
810    $a 7 ans de séduction [Images animées] / Nigel Cole, réal. ; Amanda Peet, Ashton Kutcher, Kathryn Hahn, act... [et al.]. Société nouvelle de distribution, [2006]
810    $a IMDb - http://www.imdb.com/name/nm1063517/?ref_=fn_al_nm_1 (2015-03-10)
856    $u http://www.imdb.com/name/nm1063517/?ref_=fn_al_nm_1 $e 2015-03-10
999    $a FRBNF150931066 $b 15093106

