00719cx  a2200241   4500
001 88278
003 http://catalogue.bnf.fr/ark:/12148/cb15027543m
005 20240517064955.0
033    $a http://catalogue.bnf.fr/ark:/12148/cb15027543m
035    $a FRBNF150275434
100    $a 20051216afrey50      ba0
102    $a JP
103    $a  19..               
105    $a a
106    $a 1  
120    $a b
152    $c 2 $b NP
200    $7 ba0yba0y $8 fre    $9  0  $a Hiroaki $b Sakurai
300 0  $a Réalisateur
400    $7 ba0yba0y $8 fre    $9     $a Sakurai $b Hiroaki
801    $a FR $b FR-751131015 $c 20060201
810    $a Le bahut des tordus [Images animées] / Hiroaki Sakurai, réal. Kaze, [2005]
999    $a FRBNF150275434 $b 15027543

