00761cx  a2200241   4500
001 88490
003 http://catalogue.bnf.fr/ark:/12148/cb14118615q
005 20240517065623.0
010    $a 0000000002776110 $2 VIAF $d 20130801
033    $a http://catalogue.bnf.fr/ark:/12148/cb14118615q
035    $a FRBNF141186157
100    $a 20030310afrey50      ba0
102    $a FR
103    $a  19..               
105    $a a
106    $a 1  
120    $a a
200    $7 ba0yba0y $8 fre    $9  0  $a Marcault $b Nathalie
300 0  $a Réalisatrice de film documentaire
801    $a FR $b FR-751131015 $c 20130625
810    $a Comment changer l'école ? [Images animées] / Nathalie Marcault, réal. 24 images [distrib.], cop. 2002
999    $a FRBNF141186157 $b 14118615
152    $b NP

