01372cx  a2200277   4500
001 88621
003 http://catalogue.bnf.fr/ark:/12148/cb14640301r
005 20240518055848.0
010    $a 0000000120254436 $2 VIAF $d 20130802
033    $a http://catalogue.bnf.fr/ark:/12148/cb14640301r
035    $a FRBNF146403013
100    $a 20050627afrey50      ba0
102    $a GB
103    $a  19741124           
105    $a a $a i
106    $a 1  
120    $a b
152    $c 2 $b NP
200    $7 ba0yba0y $8 fre    $9  0  $a Merchant $b Stephen $f 1974-....
300 0  $a Réalisateur et scénariste pour la télévision. - Acteur
530    $5 z $0 Réalisateur de :  $3 15524001 $a The office (série télévisée)
801    $a FR $b FR-751131015 $c 20150701
810    $a The office [Images animées] / Ricky Gervais, Stephen Merchant, réal., aut. Warner vision France, [2005] $a Hello ladies [Images animées] : l'intégrale de la série / Stephen Merchant, réal., idée orig. ; Julian Farino, Greg Daniels, réal. ; Gene Stupnitsky, Lee Eisenberg, idée orig. ; Vik Sharma , comp. ; Stephen Merchant, Christine Woods, Nate Torrence... [et al.], act.. - [Neuilly-sur-Seine] : Warner home video France [éd., distrib.], [DL 2015].
810    $a IMDb - http://www.imdb.com/name/nm0580351 (2012-07-07)
856    $u http://www.imdb.com/name/nm0580351/ $e 2012-07-07
999    $a FRBNF146403013 $b 14640301

