00730cx  a2200253   4500
001 88778
003 http://catalogue.bnf.fr/ark:/12148/cb14082564g
005 20240518024241.0
010    $a 0000000039038816 $2 VIAF $d 20130801
033    $a http://catalogue.bnf.fr/ark:/12148/cb14082564g
035    $a FRBNF140825641
100    $a 20030310afrey50      ba0
102    $a US
103    $a  19550512  20060417 
105    $a a
106    $a 1  
120    $a b
152    $c 2 $b NP
200    $7 ba0yba0y $8 fre    $9  0  $a Brazil $b Scott $f 1955-2006
300 0  $a Réalisateur
801    $a FR $b FR-751131015 $c 20080711
810    $a IMDB - http://us.imdb.com (2008-07-11)
856    $u http://us.imdb.com/ $e 2008-07-11
999    $a FRBNF140825641 $b 14082564

