01519cx  a2200337   4500
001 88964
003 http://catalogue.bnf.fr/ark:/12148/cb14145263c
005 20240517031020.0
010    $a 0000000030002681 $2 VIAF $d 20130801
033    $a http://catalogue.bnf.fr/ark:/12148/cb14145263c
035    $a FRBNF14145263X
039    $o OPL $a 014511236
039    $o OPP $a 13503130 $d 20070502
039    $o OPP $a 14145262 $d 20221219
100    $a 20030310afrey50      ba0
101    $a eng
102    $a US
103    $a  196.    ?          
105    $a a
106    $a 1  
120    $a b
152    $c 2 $b NP
200    $7 ba0yba0y $8 fre    $9  0  $a Weiss $b David Nathan
300 0  $a Scénariste et producteur
400    $7 ba0yba0y $8 fre    $9     $a Weiss $b David N.
400    $7 ba0yba0y $8 fre    $9     $a Weiss $b David $f 19..-.... $c scénariste
801    $a FR $b FR-751131015 $c 20221219
810    $a Top chronos [Images animées] / Jonathan Frakes, réal. ; Rob Hedden, David J. Stem, David N. Weiss, scénario. Paramount home entertainment France [2003] $a Charlie mon héros / Don Bluth, réal. ; David Weiss, scénario ; Ralph Burns, comp. ; Burt Reynolds, Dom DeLuise, Melba Moore... [et al.], voix. - [Rennes] : Rimini éditions, 2022. - [Image animée : vidéo]
810    $a IMDb - http://www.imdb.com/name/nm0918955 (2014-02-18) $a LC authorities - https://lccn.loc.gov/n96042264 (2022-12-19)
856    $u http://www.imdb.com/name/nm0918955 $e 2014-02-18 $u https://lccn.loc.gov/n96042264 $e 2022-12-19
999    $a FRBNF14145263X $b 14145263

