00641cx  a2200229   4500
001 89135
003 http://catalogue.bnf.fr/ark:/12148/cb150971538
005 20240517071859.0
033    $a http://catalogue.bnf.fr/ark:/12148/cb150971538
035    $a FRBNF150971534
100    $a 20060920afrey50      ba0
101    $a fre
102    $a FR
103    $a  19..               
105    $a a
106    $a 1  
120    $a a
200    $7 ba0yba0y $8 fre    $9  0  $a Cendrillon
801    $a FR $b FR-751131015 $c 20060921
810    $a Mes bijoux en pâte à cuire / textes et créations, Cendrillon, DL 2006
999    $a FRBNF150971534 $b 15097153
152    $b NP

