00998cx  a2200277   4500
001 89295
003 http://catalogue.bnf.fr/ark:/12148/cb15599262v
005 20240517072013.0
010    $a 0000000011187203 $2 ISNI $d 20150312
033    $a http://catalogue.bnf.fr/ark:/12148/cb15599262v
035    $a FRBNF155992621
100    $a 20080128afrey50      ba0
101    $a fre
102    $a FR
103    $a  19..               
105    $a a $a i
106    $a 1  
120    $a b
200    $7 ba0yba0y $8 fre    $9  0  $a Sampigny $b Serge de
300 0  $a Journaliste. - Auteur-réalisateur de film documentaire. - Fondateur d'Histodoc en 2009
801    $a FR $b FR-751131015 $c 20131125
810    $a Staline, le tyran rouge [Images animées] / Mathieu Schwartz, Serge de Sampigny, Yvan Demeulandre, réal. SND, [2007]
810    $a Histodoc - http://histodoc.fr/qui-sommes-nous.html (2013-11-25)
856    $u http://histodoc.fr/qui-sommes-nous.html $e 2013-11-25
999    $a FRBNF155992621 $b 15599262
152    $b NP

