01758cx  a2200301   4500
001 89615
003 http://catalogue.bnf.fr/ark:/12148/cb146003802
005 20240518031550.0
010    $a 0000000078450125 $2 VIAF $d 20130802
033    $a http://catalogue.bnf.fr/ark:/12148/cb146003802
035    $a FRBNF146003802
039    $o OPP $a 14835010 $d 20060531
039    $o OPP $a 14668565 $d 20060531
039    $o OPP $a 17694734 $d 20240222
100    $a 20050126afrey50      ba0
101    $a fre
102    $a ZZ $a FR $a CH
103    $a  19731027           
105    $a a $a i
106    $a 010
120    $a b
200    $7 ba0yba0y $8 fre    $9  0  $a Beffa $b Karol $f 1973-....
300    $a Compositeur et pianiste de jazz. - Musicologue. - Maître de conférence à l'École narmale supérieure depuis 2004 (en 2021). - Titulaire de la chaire de création artistique au Collège de France en 2012-2013. - Lauréat des Victoires de la musique classique 2013 et 2018
801    $a FR $b FR-751131015 $c 20240223
810    $a Journées internationales de la composition 2001 [Enregistrement sonore] / Noriko Baba, Franck Bedrossian, Karol Beffa... [et al.], comp. ; Orchestre des étudiants du Conservatoire de Paris, Nouvel ensemble instrumental du conservatoire, Ensemble polyphonie T... [et al.], orch. ; Guillaume Bourgogne, Manfred Schreier, Sara Ionnides... [et al.], dir.  Conservatoire de Paris Cité de la musique CREC-audio 02/020 $a Saint-Saëns au fil de la plume / sélection, présentation et édition par Karol Beffa, DL 2021 $a Karol Beffa : 1973 : catalogue des oeuvres / [Gérard Billaudot, Éditeur]. - Paris : Gérard Billaudot, Éditeur, 2010. - [Texte noté]
856    $u https://www.karolbeffa.net $e 2024-02-13
999    $a FRBNF146003802 $b 14600380
152    $b NP

