01429cx  a2200277   4500
001 89754
003 http://catalogue.bnf.fr/ark:/12148/cb14049514s
005 20240517073447.0
010    $a 0000000001159110 $2 ISNI $d 20150312
033    $a http://catalogue.bnf.fr/ark:/12148/cb14049514s
035    $a FRBNF140495147
100    $a 20020221afrey50      ba0
101    $a fre
102    $a BE
103    $a  1967               
105    $a a
106    $a 1  
120    $a a
152    $c 2 $b NP
200    $7 ba0yba0y $8 fre    $9  0  $a Bruneau $b Sophie $f 1967-....
300 0  $a Anthropologue de formation. - Chercheuse à l'Institut de sociologie, Université libre de Bruxelles. - Cinéaste. - Pédagogue
801    $a FR $b FR-751131015 $c 20240123
810    $a Arbres / Sophie Bruneau, Marc-Antoine Roudil, réal. ; Francis Hallé, id. orig. ; Michel Bouquet, voix. - Bondy : Institut de recherche pour le développement (France) [prod.], cop. 2001 ; Paris : Institut de recherche pour le développement (France) [distrib.], 2002 (DL). - [Image animée : vidéo]
810    $a Film documentaire - https://www.film-documentaire.fr/4DACTION/w_liste_generique/C_21722_F (2024-01-23) $a Wikipédia - https://fr.wikipedia.org/wiki/Sophie_Bruneau (2024-01-23)
856    $u https://www.film-documentaire.fr/4DACTION/w_liste_generique/C_21722_F $e 2024-01-23 $u https://fr.wikipedia.org/wiki/Sophie_Bruneau $e 2024-01-23
999    $a FRBNF140495147 $b 14049514

