00749cx  a2200241   4500
001 89899
003 http://catalogue.bnf.fr/ark:/12148/cb140789059
005 20240517074136.0
010    $a 0000000003503261 $2 VIAF $d 20130801
033    $a http://catalogue.bnf.fr/ark:/12148/cb140789059
035    $a FRBNF140789056
100    $a 20030310afrey50      ba0
102    $a FR
103    $a  19..               
105    $a a
106    $a 1  
120    $a b
200    $7 ba0yba0y $8 fre    $9  0  $a Bergli $b Serge
300 0  $a Réalisateur de vidéos musicales
801    $a FR $b FR-751131015 $c 20060622
810    $a Botanique et vieilles charrues [Images animées] / Serge Bergli, réal. Universal music SA, [2003]
999    $a FRBNF140789056 $b 14078905
152    $b NP

