00773cx  a2200253   4500
001 90043
003 http://catalogue.bnf.fr/ark:/12148/cb14012529h
005 20240517074314.0
010    $a 0000000108726138 $2 VIAF $d 20130801
033    $a http://catalogue.bnf.fr/ark:/12148/cb14012529h
035    $a FRBNF140125297
100    $a 19980806afrey50      ba0
102    $a US
103    $a  19650325           
105    $a i
106    $a 1  
120    $a a
152    $c 2 $b NP
200    $7 ba0yba0y $8 fre    $9  0  $a Parker $b Sarah Jessica $f 1965-....
300 0  $a Actrice
301    $a Nelsonville, Ohio
801    $a FR $b FR-751131015 $c 20060518
810    $a L'amour de ma vie / Scott Winant. CIC vidéo, 1996 $a Film index international (CD), 1993-1997
999    $a FRBNF140125297 $b 14012529

