01221cx  a2200337   4500
001 90206
003 http://catalogue.bnf.fr/ark:/12148/cb12304300r
005 20240517075026.0
010    $a 0000000117734906 $2 VIAF $d 20130726
033    $a http://catalogue.bnf.fr/ark:/12148/cb12304300r
035    $a FRBNF123043008
039    $o OPL $a 008866026
039    $o OPP $a 13975518 $d 20060908
100    $a 19930414afrey50      ba0
101    $a eng
102    $a US
103    $a  1940               
105    $a a
106    $a 1  
120    $a b
152    $c 2 $b NP
200    $7 ba0yba0y $8 fre    $9  0  $a Peoples $b David $f 1940-....
300 0  $a Scénariste
400    $7 ba0yba0y $8 fre    $9     $a Webb Peoples $b David $f 1940-....
400    $7 ba0yba0y $8 fre    $9     $a Peoples $b David Webb- $f 1940-....
530    $5 z $0 Réalisateur de :  $3 17893390 $a Blood of heroes (film)
801    $a FR $b FR-751131015 $c 20080707
810    $a Héros malgré lui / de Leonore Fleisher ; basé sur un scénario de David Webb Peoples ; d'après une histoire de Laura Ziskin, Alvia Sargent et David Webb Peoples, 1993
810    $a IMDB - http://us.imdb.com (2008-07-07)
856    $u http://us.imdb.com/ $e 2008-07-07
999    $a FRBNF123043008 $b 12304300

