00846cx  a2200265   4500
001 90331
003 http://catalogue.bnf.fr/ark:/12148/cb14772544v
005 20240517075126.0
010    $a 0000000117186006 $2 ISNI $d 20160216
033    $a http://catalogue.bnf.fr/ark:/12148/cb14772544v
035    $a FRBNF147725444
039    $o OPP $a 16408424 $d 20180323
039    $o OPP $a 11462535 $d 20180323
039    $o OPP $a 10919509 $d 20180323
100    $a 20060101afrey50      ba0
102    $a FR
103    $a  1886    ? 1973    ?
105    $a a
106    $a 1  
120    $a b
200    $7 ba0yba0y $8 fre    $9  0  $a Petiot $b André $f 1886?-1973? $c compositeur
801    $a FR $b FR-751131015 $c 20180323
810    $a Verdun [Images animées] / Léon Poirier, réal. [...] André Petiot, comp. Carlotta films, [2006]
999    $a FRBNF147725444 $b 14772544
152    $b NP

