00674cx  a2200241   4500
001 90482
003 http://catalogue.bnf.fr/ark:/12148/cb151098232
005 20240518061725.0
010    $a 0000000113460784 $2 ISNI $d 20160216
033    $a http://catalogue.bnf.fr/ark:/12148/cb151098232
035    $a FRBNF151098232
100    $a 20061107afrey50      ba0
101    $a fre
102    $a FR
103    $a  19..               
105    $a a
106    $a 1  
120    $a a
200    $7 ba0yba0y $8 fre    $9  0  $a Loizeau $b Catherine
801    $a FR $b FR-751131015 $c 20061107
810    $a Les mondes antiques / Catherine Loizeau, DL 2006
999    $a FRBNF151098232 $b 15109823
152    $b NP

