00910cx  a2200253   4500
001 90648
005 20160121232711.0
009 http://catalogue.bnf.fr/ark:/12148/cb14655107p
039    $o OPP $a 13930817 $d 20060918
100    $a 20010212afrey50      ba0
102    $a FR
103    $a  19551201           
105    $a i
106    $a 010
120    $a a
152    $a AFNOR Z 44-061 $b NP
200    $7 ba0yba0y $8 fre    $9  0  $a Claire $b Cyrielle $f 1955-....
300    $a Actrice de cinéma, de théâtre et de télévision. - Pensionnaire à la Comédie-française du 01-10-1987 au 30-09-1988
400    $7 ba0yba0y $8 fre    $9     $a Besnard $b Cyrielle $f 1955-....
801    $a FR $b BnF $c 20060918
810    $a BNF-ASP. Cyrielle Claire : dossier biographique, 1979
810    $a Les gens du cinéma / André Siscot, 1998
810    $a Comédie-Française (Internet, http://www.comedie-francaise.fr), 20010212
999    $a 14655107

