00943cx  a2200277   4500
001 90802
003 http://catalogue.bnf.fr/ark:/12148/cb162284494
005 20240518020152.0
010    $a 0000000106587525 $2 ISNI $d 20150313
033    $a http://catalogue.bnf.fr/ark:/12148/cb162284494
035    $a FRBNF162284494
100    $a 20100906afrey50      ba0
102    $a GB
103    $a  1992               
105    $a i
106    $a 1  
150    $a y $b v8  
152    $c 2 $b CO
210    $7 ba0yba0y $8 fre    $9 20  $a The Clerks
300 0  $a Ensemble vocal spécialisé dans le répertoire de la musique ancienne
307    $a Edward Wickham, B, dir.
500    $5 z $0 Dirigé par :  $3 16228456 $7 ba0yba0y $8 fre    $9  0  $a Wickham $b Edward
801    $a FR $b FR-751131015 $c 20100914
810    $a Opera omnia [Enregistrement sonore]. Musique en Wallonie MEW 0848-0849
856    $u http://www.theclerks.co.uk $e 2010-09-06
999    $a FRBNF162284494 $b 16228449

