01553cx  a2200361   4500
001 90971
003 http://catalogue.bnf.fr/ark:/12148/cb13894321k
005 20240512052004.0
010    $a 000000012124976X $2 ISNI $d 20160215
033    $a http://catalogue.bnf.fr/ark:/12148/cb13894321k
035    $a FRBNF138943216
039    $o OPP $a 14680592 $d 20060921
039    $o OPP $a 13796271 $d 20060921
039    $o OPP $a 16355688 $d 20140929
100    $a 19890601afrey50      ba0
101    $a fre $a arm
102    $a FR
103    $a  19320401  19930319 
105    $a a $a i
106    $a 010
120    $a b
200    $7 ba0yba0y $8 fre    $9  0  $a Garvarentz $b Georges $f 1932-1993
300    $a Compositeur de musique de films et d'operette et chef d'orchestre. - Compositeur des chansons de Charles Aznavour. - Connu aussi sous les pseudonymes : Diran Wem ou Diran Vem
301    $a Athènes (Grèce) $b Aubagne (France)
400    $7 ba0yba0y $8 fre    $9     $a Garvarentz $b Diran Georges $f 1932-1993
400    $7 ba0yba0y $8 fre    $9     $a Garvarents $b Diran Georges $f 1932-1993
400    $7 ba0yba0y $8 fre    $9     $a Garwarentz $b Diran $f 1932-1993
500    $5 e $0 Voir le pseudonyme $3 17743669 $7 ba0yba0y $8 fre    $9  0  $a Wem $b Diran $f 1932-1993
801    $a FR $b FR-751131015 $c 20220414
810    $a Donne tes 16 ans / Aznavour et Garvarentz G. In : Le grand récital de Charles Aznavour [Enregistrement sonore]. Barclay CO1
810    $a Cent ans de chanson française / Chantal Brunschwig, Louis-Jean Calvet, Jean-Claude Klein
999    $a FRBNF138943216 $b 13894321
152    $b NP

