01043cx  a2200289   4500
001 91122
003 http://catalogue.bnf.fr/ark:/12148/cb138946849
005 20240505075228.0
010    $a 000000000885540X $2 ISNI $d 20210421
033    $a http://catalogue.bnf.fr/ark:/12148/cb138946849
035    $a FRBNF138946842
039    $o OPP $a 14823087 $d 20070215
100    $a 19890601afrey50      ba0
102    $a CH
103    $a  19410615  20151115 
105    $a a $a i
106    $a 1  
120    $a b
152    $c 2 $b NP
200    $7 ba0yba0y $8 fre    $9  0  $a Gréco $b Larry $f 1941-2015
300 0  $a Chanteur et guitariste de rock
510    $5 xxxk $0 Membre de :  $3 13945531 $7 ba0yba0y $8 fre    $9 20  $a Les Mousquetaires
801    $a FR $b FR-751131015 $c 20210416
810    $a Jette la ! [Enregistrement sonore] / Larry Greco, chant... [et al.]. LCD LCD62
810    $a Discogs - https://www.discogs.com/fr/artist/373560-Larry-Greco (2021-04-13)
856    $u https://www.discogs.com/fr/artist/373560-Larry-Greco $e 2021-04-13
999    $a FRBNF138946842 $b 13894684

