01120cx  a2200265   4500
001 91262
005 20160121234542.0
009 http://catalogue.bnf.fr/ark:/12148/cb11953135j
039    $o OPL $a 001805729
100    $a 19830301afrey50      ba0
106    $a 211
152    $b SNC $c 2
250    $7 ba0yba0y $8 fre    $9   2 $a Épilepsie chez l'enfant
450    $7 ba0yba0y $8 fre    $9     $a Enfants $x Épilepsie
450    $7 ba0yba0y $8 fre    $9     $a Épilepsie infantile
550    $5 z $0 Voir aussi $3 11953133 $7 ba0yba0y $8 fre    $9     $a Enfants épileptiques
550    $5 z $0 Voir aussi $3 12007457 $7 ba0yba0y $8 fre    $9   2 $a Syndrome des spasmes en flexion
550    $5 z $0 Voir aussi $3 12163457 $7 ba0yba0y $8 fre    $9   2 $a Convulsions chez l'enfant
550    $5 g $3 11931361 $7 ba0yba0y $8 fre    $9   2 $a Épilepsie
550    $5 g $3 11970912 $7 ba0yba0y $8 fre    $9   2 $a Maladies chroniques chez l'enfant
550    $5 g $3 12481583 $7 ba0yba0y $8 fre    $9     $a Cerveau $x Maladies chez l'enfant
686    $a 610 $c Médecine $2 Note de regroupement par domaine
801    $a FR $b FR-751131015 $c 19951002
822    $a Epilepsy in children $v LCSH, 1995-03
999    $a 11953135

