00921cx  a2200265   4500
001 91435
003 http://catalogue.bnf.fr/ark:/12148/cb14192527n
005 20240506020308.0
010    $a 0000000081823359 $2 VIAF $d 20130801
033    $a http://catalogue.bnf.fr/ark:/12148/cb14192527n
035    $a FRBNF141925274
100    $a 20030310afrey50      ba0
102    $a JP
103    $a  19380204  20180618 
105    $a i
106    $a 1  
120    $a b
152    $c 2 $b NP
200    $7 ba0yba0y $8 fre    $9  0  $a Katō $b Go $f 1938-2018
300 0  $a Acteur
801    $a FR $b FR-751131015 $c 20190612
810    $a The death of a tea master [Images animées] / Kei Kumai, réal. ; [...] Kinnosuke Yoruzuya, Go Kato... [et al.], act., [1994]
810    $a Internet movie database : Go Katō( (I) - http://us.imdb.com (2006-05-23) (2019-06-12)
856    $u http://us.imdb.com $e 2006-05-23 $e 2019-06-12
999    $a FRBNF141925274 $b 14192527

