00771cx  a2200253   4500
001 91594
003 http://catalogue.bnf.fr/ark:/12148/cb13601233c
005 20240506021528.0
010    $a 0000000362596287 $2 VIAF $d 20130731
033    $a http://catalogue.bnf.fr/ark:/12148/cb13601233c
035    $a FRBNF13601233X
039    $o OPL $a 015267742
100    $a 20010109afrey50      ba0
101    $a fre
102    $a FR
103    $a  19571213           
105    $a a
106    $a 1  
120    $a a
200    $7 ba0yba0y $8 fre    $9  0  $a Ourlin $b Brigitte $f 1957-....
801    $a FR $b FR-751131015 $c 20050128
810    $a Les couleurs Marine / Brigitte Ourlin, 2000 $a L'étudiant gourmand / Brigitte Ourlin, Julien Triadou, 2004
999    $a FRBNF13601233X $b 13601233
152    $b NP

