01010cx  a2200301   4500
001 91762
003 http://catalogue.bnf.fr/ark:/12148/cb141932319
005 20240512025341.0
010    $a 0000000117680450 $2 VIAF $d 20130801
033    $a http://catalogue.bnf.fr/ark:/12148/cb141932319
035    $a FRBNF141932315
039    $o OPP $a 14685686 $d 20070816
100    $a 20030310afrey50      ba0
101    $a eng
102    $a US
103    $a  19161120  20080704 
105    $a i
106    $a 010
120    $a a
152    $c 2 $b NP
200    $7 ba0yba0y $8 fre    $9  0  $a Keyes $b Evelyn $f 1916-2008
300    $a Actrice
301    $a Port Arthur (Tex., États-Unis) $b Montecito (Calif., États-Unis)
801    $a FR $b FR-751131015 $c 20180221
810    $a Sept ans de réflexion [Multimédia multisupport] / Billy Wilder, réal. ; Evelyn Keyes... [et al.], act. M6 interactions, 2004
810    $a IMDB - http://us.imdb.com (2018-02-21)
856    $u http://us.imdb.com/ $e 2018-02-21
999    $a FRBNF141932315 $b 14193231

