00833cx  a2200253   4500
001 91913
003 http://catalogue.bnf.fr/ark:/12148/cb15020169h
005 20240513061303.0
010    $a 0000000001535323 $2 VIAF $d 20130805
033    $a http://catalogue.bnf.fr/ark:/12148/cb15020169h
035    $a FRBNF150201697
100    $a 20051118afrey50      ba0
101    $a fre
102    $a FR
103    $a  19..               
105    $a a
106    $a 1  
120    $a b
200    $7 ba0yba0y $8 fre    $9  0  $a Montgermont $b Gilles
300 0  $a Chef de service à "L'Équipe", département Éditions (en 2005)
801    $a FR $b FR-751131015 $c 20051121
810    $a Femmes de golf / textes, Pierre-Michel Bonnot, Alexis Orloff ;  iconographie, Gilles Montgermont, Philippe Le Men, impr. 2005
999    $a FRBNF150201697 $b 15020169
152    $b NP

