01243cx  a2200301   4500
001 92048
003 http://catalogue.bnf.fr/ark:/12148/cb120557447
005 20240506023932.0
010    $a 0000000114379603 $2 VIAF $d 20130724
033    $a http://catalogue.bnf.fr/ark:/12148/cb120557447
035    $a FRBNF120557449
039    $o OPL $a 003697896
100    $a 19860101afrey50      ba0
101    $a eng
102    $a XX
103    $a  19500123  20190628 
105    $a a
106    $a 1  
120    $a a
152    $c 2 $b NP
200    $7 ba0yba0y $8 fre    $9  0  $a Lombardo $b Patrizia $f 1950-2019
300 0  $a Professeur de littérature française à l'Université de Pittsburgh, Pa., États-Unis (en 1989), puis professeur de littérature française, de littératures comparées et de cinéma à l'Université de Genève, Suisse (en 2003)
301    $a Udine (Italie)
801    $a FR $b FR-751131015 $c 20190704
810    $a The Three paradoxes of Roland Barthes / Patrizia Lombardo, 1989 $a Cities, words and images : from Poe to Scorsese / Patrizia Lombardo, 2003
810    $a LC Authorities : Lombardo, Patrizia - https://lccn.loc.gov/n85033698 (2019-07-04)
856    $u https://lccn.loc.gov/n85033698 $e 2019-07-04
999    $a FRBNF120557449 $b 12055744

