00684cx  a2200241   4500
001 92240
003 http://catalogue.bnf.fr/ark:/12148/cb14183491h
005 20240506024941.0
010    $a 0000000109144340 $2 VIAF $d 20130801
033    $a http://catalogue.bnf.fr/ark:/12148/cb14183491h
035    $a FRBNF141834910
100    $a 20030310afrey50      ba0
102    $a US
103    $a  19530907           
105    $a i
106    $a 1  
120    $a a
152    $c 2 $b NP
200    $7 ba0yba0y $8 fre    $9  0  $a Griffith $b Kristin $f 1953-....
300 0  $a Actrice
801    $a FR $b FR-751131015 $c 20070614
810    $a Les gens du cinéma / André Siscot, 1998
999    $a FRBNF141834910 $b 14183491

