00607cx  a2200229   4500
001 92421
005 20160122001510.0
009 http://catalogue.bnf.fr/ark:/12148/cb15527577s
010    $a 0000000371868184
100    $a 20070425afrey50      ba0
101    $a fre
102    $a BE
103    $a  19490527           
105    $a a
106    $a 1  
120    $a b
152    $a AFNOR Z 44-061 $c 2 $b NP
200    $7 ba0yba0y $8 fre    $9  0  $a Sturbelle $b Philippe $f 1949-....
300 0  $a Romancier
801    $a FR $b FR-751131015 $c 20091023
810    $a Vacances picardes / Philippe Sturbelle, impr. 2007
999    $a 15527577

