01706cx  a2200397   4500
001 92570
003 http://catalogue.bnf.fr/ark:/12148/cb140173620
005 20240512025349.0
010    $a 0000000114545739 $2 VIAF $d 20130801
033    $a http://catalogue.bnf.fr/ark:/12148/cb140173620
035    $a FRBNF140173623
100    $a 19981223afrey50      ba0
102    $a JP
103    $a  19120428  20120529 
105    $a a
106    $a 010
120    $a b
152    $c 2 $b NP
200    $7 ba0yba0f $8 fre    $9  0  $a Shindō $b Kaneto $f 1912-2012
300    $a Cinéaste japonais. - Scénariste. - Producteur et co-fondateur de la compagnie de cinéma indépendante "Kindai kyōkai eiga" (= Société de cinéma moderne)
301    $a Hiroshima (Japon)
400    $7 ba0yba0f $8 frejpn $9     $a Shindō Kaneto $f 1912-2012
400    $7 ba0yea0y $8 frejpn $9     $a 新藤 兼人 $f 1912-2012
400    $7 ba0yba0y $8 fre    $9     $a Kaneto Shindō $f 1912-2012
400    $7 ba0yba0y $8 fre    $9     $a Shindo Kaneto $f 1912-2012
400    $7 ba0yba0y $8 fre    $9     $a Kaneto Shindo $f 1912-2012
530    $5 z $0 Réalisateur de :  $3 16461148 $a Onibaba (film)
530    $5 z $0 Réalisateur de :  $3 16460709 $a Yabu no naka no kuroneko (film)
530    $5 z $0 Réalisateur de :  $3 16460598 $a Hadaka no shima (film)
700    $7 ba0yea0y $8 frejpn $9  0  $a 新藤 $b 兼人 $f 1912-2012
801    $a FR $b FR-751131015 $c 20131125
810    $a Kiru [Images animées] / Kenji Misumi, réal. ; Shindô Kaneto, scénario. Wild side video, [2005]
810    $a NDL Authority File, 2013 $a IMDB - http://us.imdb.com (2012-06-01)
810    $a BnF Service japonais, 2013-01-23
856    $u http://us.imdb.com $e 2012-06-01
999    $a FRBNF140173623 $b 14017362

