00847cx  a2200253   4500
001 92712
003 http://catalogue.bnf.fr/ark:/12148/cb155334245
005 20240506032105.0
010    $a 0000000073702805 $2 VIAF $d 20130806
033    $a http://catalogue.bnf.fr/ark:/12148/cb155334245
035    $a FRBNF155334242
100    $a 20070522afrey50      ba0
101    $a fre
102    $a CA
103    $a  19..               
105    $a a
106    $a 1  
120    $a b
152    $c 2 $b NP
200    $7 ba0yba0y $8 fre    $9  0  $a Rémillard $b Bruno
300 0  $a Mathématicien. - Professeur à l'École des hautes études commerciales, Montréal, Canada (en 2006)
801    $a FR $b FR-751131015 $c 20070530
810    $a Une introduction aux probabilités / Pierre Del Moral, Bruno Rémillard, Sylvain Rubenthaler, DL 2006
999    $a FRBNF155334242 $b 15533424

