01243cx  a2200301   4500
001 92857
003 http://catalogue.bnf.fr/ark:/12148/cb13903601v
005 20240513030539.0
010    $a 0000000122602764 $2 ISNI $d 20150313
033    $a http://catalogue.bnf.fr/ark:/12148/cb13903601v
035    $a FRBNF139036015
100    $a 19890601afrey50      ba0
102    $a GB
103    $a  1983               
105    $a i
106    $a 1  
150    $a y $b v8  
152    $c 2 $b CO
210    $7 ba0yba0y $8 fre    $9 20  $a Freeez
300 0  $a Groupe de funk
303    $a Londres
307    $a Maas, Peter, guitare basse, chant (1983-) $a Rocca, John, chant, percussion (1983-    ) $a McCalla, Everton, batterie, chant (1983-) $a Stennett, Andy, synthétiseur, piano, claviers, chant (1983-    )
410    $7 ba0yba0y $8 fre    $9     $a Freez
801    $a FR $b FR-751131015 $c 20140520
810    $a That beats my patience [Enregistrement sonore] ; All the way / Freeez. Virgin-Beggars'Banquet 80178 $a Gonna get you [Enregistrement sonore] / Freez. Virgin-Beggars'Banquet 405776
810    $a Discogs - http://www.discogs.com/artist/8670-Freeez (2014-05-20)
856    $u http://www.discogs.com/artist/8670-Freeez $e 2014-05-20
999    $a FRBNF139036015 $b 13903601

