02256cx  a2200541   4500
001 93002
003 http://catalogue.bnf.fr/ark:/12148/cb11911250d
005 20240517023201.0
010    $a 000000007730154X $2 VIAF $d 20130724
033    $a http://catalogue.bnf.fr/ark:/12148/cb11911250d
035    $a FRBNF119112509
039    $o OPL $a 01091868X $z AMA
039    $o OPL $a 000993395 $z APP
039    $o OPP $a 14687144 $d 20070522
100    $a 19810430afrey50      ba0
101    $a ita
102    $a IT
103    $a  19141113  20050703 
105    $a a
106    $a 010
120    $a b
152    $c 2 $b NP
200    $7 ba0yba0y $8 fre    $9  0  $a Lattuada $b Alberto $f 1914-2005
300    $a Homme de lettres. - Cinéaste
301    $a Milan (Italie)
530    $5 z $3 17956352 $a Cuore di cane (film)
530    $5 z $0 Réalisateur de :  $3 17907615 $a Venga a prendere il caffé... da noi (film)
530    $5 z $0 Réalisateur de :  $3 17907609 $a La Mandragola (film)
530    $5 z $0 Réalisateur de :  $3 14291653 $a Cosi come sei (film)
530    $5 z $0 Réalisateur de :  $3 14293397 $a Luci del varietà (film)
530    $5 z $0 Réalisateur de :  $3 16472482 $a I dolci inganni (film)
530    $5 z $0 Réalisateur de :  $3 16461578 $a Le faró da padre (film)
530    $5 z $0 Réalisateur de :  $3 16460974 $a Matchless (film)
530    $5 z $0 Réalisateur de :  $3 16458110 $a Fraulein Doktor (film)
530    $5 z $0 Réalisateur de :  $3 16457383 $a Lettere di una novizia (film)
530    $5 z $3 14663200 $a Senza pietà (film)
530    $5 z $0 Réalisateur de :  $3 14663199 $a La spiaggia (film)
530    $5 z $3 14663195 $a Anna (film ; 1951)
530    $5 z $0 Réalisateur de :  $3 14663201 $a La tempesta (film ; 1958)
530    $5 z $0 Réalisateur de :  $3 14663198 $a La lupa (film)
530    $5 z $0 Réalisateur de :  $3 14663197 $a Il bandito (film)
530    $5 z $3 14663196 $a Guendalina (film)
530    $5 z $0 Réalisateur de :  $3 13534025 $a Il cappotto (film)
686    $a 791 $c Audiovisuel $2 Note de regroupement par domaine
801    $a FR $b FR-751131015 $c 20180525
810    $a L' occhio di Dioniso / Alberto Lattuada, 1990
810    $a WW, Italie 1997 $a Dict. du cinéma / sous la dir. de Jean-Loup Passek, 1995 $a Monde, 2005-07-06
999    $a FRBNF119112509 $b 11911250

