00814cx  a2200265   4500
001 93195
003 http://catalogue.bnf.fr/ark:/12148/cb12051142x
005 20240506034159.0
010    $a 0000000073594517 $2 VIAF $d 20130724
033    $a http://catalogue.bnf.fr/ark:/12148/cb12051142x
035    $a FRBNF120511423
039    $o OPL $a 003549164
100    $a 19840420afrey50      ba0
101    $a fre
102    $a FR
103    $a  19470902           
105    $a a
106    $a 1  
120    $a a
200    $7 ba0yba0y $8 fre    $9  0  $a Galland $b Anne $f 1947-....
300 0  $a Auteur de livres pour enfants
801    $a FR $b FR-751131015 $c 20090806
810    $a Mon grand album de bébé / un livre de C. Bruel et A. Galland ; images A. Bozellec et N. Claveloux, 1989
999    $a FRBNF120511423 $b 12051142
152    $b NP

