00679cx  a2200229   4500
001 93370
003 http://catalogue.bnf.fr/ark:/12148/cb151223640
005 20240516022638.0
033    $a http://catalogue.bnf.fr/ark:/12148/cb151223640
035    $a FRBNF151223643
100    $a 20061219afrey50      ba0
102    $a FR
103    $a  19..               
105    $a i
106    $a 1  
120    $a b
200    $7 ba0yba0y $8 fre    $9  0  $a Roullier $b Frédéric
300 0  $a Acteur
801    $a FR $b FR-751131015 $c 20070316
810    $a Before... [Images animées] / Nicolas Bary, réal. ; [...] Frédéric Roullier, act. Elytel, 2006
999    $a FRBNF151223643 $b 15122364
152    $b NP

