01164cx  a2200277   4500
001 93517
003 http://catalogue.bnf.fr/ark:/12148/cb11904257b
005 20240514024828.0
010    $a 0000000121296216 $2 VIAF $d 20130724
033    $a http://catalogue.bnf.fr/ark:/12148/cb11904257b
035    $a FRBNF11904257X
039    $o OPL $a 000802623
039    $o OPP $a 17219762 $d 20181115
100    $a 19800403afrey50      ba0
101    $a fre
102    $a FR
103    $a  19..               
105    $a a
106    $a 1  
120    $a a
200    $7 ba0yba0y $8 fre    $9  0  $a Gassier $b Jacqueline
300 0  $a Infirmière-puéricultrice diplômée d'État. - Professeur de sciences et techniques médico-sociales au Lycée professionnel régional de Neuilly-sur-Seine (en 1991)
801    $a FR $b FR-751131015 $c 20181115
810    $a Guide pour l'entrée dans les écoles d'auxiliaires de puériculture et d'aides-soignant(e)s : français, mathématiques, sciences naturelles / Jacqueline Gassier, 1991 $a Diplôme d'état d'infirmier : les mises en situation professionnelle / Carole Siebert, Jacqueline Gassier, 2004
999    $a FRBNF11904257X $b 11904257
152    $b NP

