00985cx  a2200277   4500
001 93658
003 http://catalogue.bnf.fr/ark:/12148/cb14508249d
005 20240515043129.0
010    $a 0000000115903542 $2 VIAF $d 20130801
033    $a http://catalogue.bnf.fr/ark:/12148/cb14508249d
035    $a FRBNF145082490
100    $a 20031121afrey50      ba0
101    $a eng
102    $a US
103    $a  19581015  ....     
105    $a a $a p
106    $a 1  
120    $a b
152    $c 2 $b NP
200    $7 ba0yba0y $8 fre    $9  0  $a Muller $b Eddie $f 1958-....
300 0  $a Spécialiste du film noir et auteur de romans noirs
801    $a FR $b FR-751131015 $c 20210102
810    $a L'art du film noir : les affiches de l'âge d'or du film policier / Eddie Muller, 2003 $a Dark city : le monde perdu du film noir / Eddie Muller, DL 2007
810    $a LC authorities - http://authorities.loc.gov (2007-05-23)
856    $u http://authorities.loc.gov $e 2007-05-23
999    $a FRBNF145082490 $b 14508249

