00804cx  a2200265   4500
001 93849
003 http://catalogue.bnf.fr/ark:/12148/cb144949012
005 20240513023627.0
033    $a http://catalogue.bnf.fr/ark:/12148/cb144949012
035    $a FRBNF144949017
100    $a 20030919afrey50      ba0
101    $a eng
102    $a US
103    $a  1940      ....     
105    $a a
106    $a 1  
120    $a b
152    $c 2 $b NP
200    $7 ba0yba0y $8 fre    $9  0  $a Gruber $b Michael $f 1940-....
300 0  $a Docteur en biologie marine. - Romancier
801    $a FR $b FR-751131015 $c 20040409
810    $a Tropique de la nuit / Michael Gruber, 2004
810    $a LCNA - http://authorities.loc.gov (2004-04-08)
856    $u http://authorities.loc.gov $e 2004-04-08
999    $a FRBNF144949017 $b 14494901

