00744cx  a2200241   4500
001 93989
003 http://catalogue.bnf.fr/ark:/12148/cb15562554r
005 20240515044638.0
010    $a 000000000201823X $2 VIAF $d 20130806
033    $a http://catalogue.bnf.fr/ark:/12148/cb15562554r
035    $a FRBNF155625543
100    $a 20070911afrey50      ba0
101    $a fre $t ita
102    $a FR
103    $a  19..               
105    $a a
106    $a 1  
120    $a a
200    $7 ba0yba0y $8 fre    $9  0  $a Royère $b Sophie
801    $a FR $b FR-751131015 $c 20151029
810    $a Velours : le nez d'un voleur / Silvana D'Angelo, Antonio Marinoni ; traduit de l'italien par Sophie Royère, DL 2007
999    $a FRBNF155625543 $b 15562554
152    $b NP

