00778nx  a2200253   4500
001 94165
003 http://catalogue.bnf.fr/ark:/12148/cb13524045s
005 20240508030325.0
010    $a 0000000001234344 $2 VIAF $d 20130730
033    $a http://catalogue.bnf.fr/ark:/12148/cb13524045s
035    $a FRBNF135240458
039    $o OPL $a 014414716
100    $a 19990517afrey50      ba0
101    $a fre
102    $a FR
103    $a  19660926           
105    $a a
106    $a 1  
200    $7 ba0yba0y $8 fre    $9  0  $a Picquet $b Marie-Cécile $f 1966-....
300 0  $a Attachée de presse en agence, spécialisée. - Romancière
801    $a FR $b FR-751131015 $c 19990517
810    $a Neuf mois marathon / Marie-Cécile Picquet, 1997
999    $a FRBNF135240458 $b 13524045
152    $b NP

