00731nx  a2200253   4500
001 94331
003 http://catalogue.bnf.fr/ark:/12148/cb15502248r
005 20240513064231.0
010    $a 0000000042134681 $2 VIAF $d 20130805
033    $a http://catalogue.bnf.fr/ark:/12148/cb15502248r
035    $a FRBNF155022488
100    $a 20070122afrey50      ba0
101    $a fre
102    $a FR
103    $a  19..               
105    $a a
106    $a 1  
120    $a a
200    $7 ba0yba0y $8 fre    $9  0  $a Graciet $b Catherine
300 0  $a Journaliste
801    $a FR $b FR-751131015 $c 20070122
810    $a Quand le Maroc sera islamiste / Nicolas Beau et Catherine Graciet, impr. 2006
999    $a FRBNF155022488 $b 15502248
152    $b NP

