00851cx  a2200253   4500
001 94512
003 http://catalogue.bnf.fr/ark:/12148/cb15605879k
005 20240512020050.0
010    $a 0000000002163242 $2 ISNI $d 20150312
033    $a http://catalogue.bnf.fr/ark:/12148/cb15605879k
035    $a FRBNF156058793
100    $a 20080220afrey50      ba0
101    $a fre
102    $a FR
103    $a  19..               
105    $a a
106    $a 1  
120    $a a
200    $7 ba0yba0y $8 fre    $9  0  $a Poitevin $b Marie-José
300 0  $a Conservateur retraitée de la Bibliothèque de Caen (en 2007)
801    $a FR $b FR-751131015 $c 20080221
810    $a Handicap et bibliothèques / Association des bibliothécaires français ; dirigé par Marie-Noëlle Andissac et Marie-José Poitevin, impr. 2007
999    $a FRBNF156058793 $b 15605879
152    $b NP

