00923cx  a2200241   4500
001 94670
003 http://catalogue.bnf.fr/ark:/12148/cb125607501
005 20240507021940.0
033    $a http://catalogue.bnf.fr/ark:/12148/cb125607501
035    $a FRBNF125607500
039    $o OPL $a 013177602
100    $a 19970405afrey50      ba0
106    $a 211
152    $b SNC $c 2
159    $a rameau
250    $7 ba0yba0y $8 fre    $9     $a Démission $x Droit
450    $7 ba0yba0y $8 fre    $9   2 $a Personnel $x Démission -- Droit
550    $5 z $0 Voir aussi $3 16671590 $7 ba0yba0y $8 fre    $9     $a Certificats de travail
550    $5 g $3 11934138 $7 ba0yba0y $8 fre    $9     $a Contrat de travail
686    $a 340 $c Droit $2 Note de regroupement par domaine
801    $a FR $b FR-751131015 $c 20041008
822 1  $a Employees--Resignation--Law and legislation $2 LCSH $u http://id.loc.gov/authorities/subjects/sh85042892 $d 2017-02-09
999    $a FRBNF125607500 $b 12560750

