01012cx  a2200289   4500
001 94852
003 http://catalogue.bnf.fr/ark:/12148/cb145068874
005 20240519033927.0
010    $a 0000000119471708 $2 VIAF $d 20130801
033    $a http://catalogue.bnf.fr/ark:/12148/cb145068874
035    $a FRBNF145068875
039    $o OPP $a 16781787 $d 20160105
100    $a 20031114afrey50      ba0
101    $a fre
102    $a FR
103    $a  19740320  ....     
105    $a a
106    $a 1  
120    $a b
200    $7 ba0yba0y $8 fre    $9  0  $a Bourhis $b Hervé $f 1974-....
300 0  $a Auteur de bandes dessinées
801    $a FR $b FR-751131015 $c 20160105
810    $a Thomas ou Le retour du tabou / Hervé Bourhis, 2003 $a Brit Pulp / par Jean-Marie Pottier ; illustration de Hervé Bourhis, impr. 2009
810    $a Internet - http://www.humano.com/auteur/auteur.php?id=439 (2003-11-14)
856    $u http://www.humano.com/auteur/auteur.php?id=439 $e 2003-11-14
999    $a FRBNF145068875 $b 14506887
152    $b NP

