01291cx  a2200253   4500
001 95001
003 http://catalogue.bnf.fr/ark:/12148/cb14554076t
005 20240512055909.0
010    $a 0000000078429043 $2 VIAF $d 20130802
033    $a http://catalogue.bnf.fr/ark:/12148/cb14554076t
035    $a FRBNF145540767
100    $a 20040701afrey50      ba0
101    $a fre
102    $a FR
103    $a  19600318           
105    $a a $a p
106    $a 1  
120    $a a
200    $7 ba0yba0y $8 fre    $9  0  $a Hoog $b Anne Hélène $f 1960-....
300 0  $a Historienne. - En fonction au Musée d'art et d'histoire du judaïsme, Service des collections et des expositions (en 2004). - Conservatrice et directrice du musée de la Cité internationale de la bande dessinée et de l'image d'Angoulême (Charente) (en 2022)
801    $a FR $b FR-751131015 $c 20220804
810    $a Rachel, une vie pour le théâtre : [exposition... Paris... 2004] / [catalogue sous la dir. d'Anne Hélène Hoog], 2004 $a De Popeye à Persepolis : bande dessinée et cinéma d'animation : [exposition, Angoulême, Musée de la Cité internationale de la bande dessinée et de l'image..., 2022] / [catalogue] sous la direction d'Anne Hélène Hoog et de Pascal Vimenet, 2022
999    $a FRBNF145540767 $b 14554076
152    $b NP

