01277cx  a2200313   4500
001 95159
003 http://catalogue.bnf.fr/ark:/12148/cb15507491n
005 20240512022426.0
010    $a 0000000109395617 $2 VIAF $d 20130805
033    $a http://catalogue.bnf.fr/ark:/12148/cb15507491n
035    $a FRBNF155074912
100    $a 20070208afrey50      ba0
101    $a ita
102    $a IT
103    $a  19231229  20120930 
105    $a a
106    $a 010
120    $a b
152    $c 2 $b NP
200    $7 ba0yba0y $8 fre    $9  0  $a Venezia $b Shlomo $f 1923-2012
300    $a Écrivain
301    $a Salonique (auj. Thessalonique, Grèce) $b Rome
686    $a 800 $c Histoire et critique littéraires $2 Note de regroupement par domaine
686    $a 940 $c Histoire médiévale, moderne et contemporaine (sauf la France) $2 Note de regroupement par domaine
801    $a FR $b FR-751131015 $c 20231222
810    $a Sonderkommando : dans l'enfer des chambres à gaz / Shlomo Venezia ; [trad. de l'italien], impr. 2007
810    $a Shlomo Venezia et le "Sonderkommando" de Birkenau : anatomie d'un faux témoignage / Carlo Mattogno, 2018 $a Istituto centrale per il catalogo unico - http://opac.sbn.it (2023-09-30)
856    $u http://opac.sbn.it $e 2023-09-30
999    $a FRBNF155074912 $b 15507491

