01203cx  a2200277   4500
001 95343
003 http://catalogue.bnf.fr/ark:/12148/cb15559738j
005 20240518032834.0
010    $a 0000000109488434 $2 VIAF $d 20130806
033    $a http://catalogue.bnf.fr/ark:/12148/cb15559738j
035    $a FRBNF155597389
100    $a 20070830afrey50      ba0
101    $a ita
102    $a IT
103    $a  19750227           
105    $a a
106    $a 1  
120    $a b
152    $c 2 $b NP
200    $7 ba0yba0y $8 fre    $9  0  $a Burchielli $b Riccardo $f 1975-....
300 0  $a Dessinateur de bandes dessinées
801    $a FR $b FR-751131015 $c 20220502
810    $a DMZ / Brian Wood,, scénario ; Riccardo Burchielli, Brian Wood, 2007 $a Aliens : defiance. Volume 1 / [écrit par] Brian Wood ; [illustré par] Tristan Jones, Riccardo Burchielli & Tony Bescini... ; [couleurs], Dan Jackson. - Longeville-lès-Saint-Avold : Vestron, copyright 2019. - [Texte noté. Image fixe]
810    $a Bedetheque - https://www.bedetheque.com/auteur-13674-BD-Burchielli-Riccardo.html (2022-05-02)
856    $u https://www.bedetheque.com/auteur-13674-BD-Burchielli-Riccardo.html $e 2022-05-02
999    $a FRBNF155597389 $b 15559738

