00679cx  a2200241   4500
001 95524
003 http://catalogue.bnf.fr/ark:/12148/cb141589292
005 20240512023523.0
010    $a 0000000050585650 $2 VIAF $d 20130801
033    $a http://catalogue.bnf.fr/ark:/12148/cb141589292
035    $a FRBNF141589293
100    $a 20030310afrey50      ba0
102    $a GB
103    $a  18821212  1951     
105    $a i
106    $a 1  
120    $a b
152    $c 2 $b NP
200    $7 ba0yba0y $8 fre    $9  0  $a Breon $b Edmond $f 1882-1951
300 0  $a Acteur
801    $a FR $b FR-751131015 $c 20060817
810    $a Les gens du cinéma / André Siscot, 1998
999    $a FRBNF141589293 $b 14158929

