00870cx  a2200277   4500
001 95685
003 http://catalogue.bnf.fr/ark:/12148/cb156140540
005 20240512043639.0
010    $a 000000011488700X $2 VIAF $d 20130806
033    $a http://catalogue.bnf.fr/ark:/12148/cb156140540
035    $a FRBNF15614054X
100    $a 20080318afrey50      ba0
101    $a eng
102    $a US
103    $a  1979               
105    $a a
106    $a 1  
120    $a b
152    $c 2 $b NP
200    $7 ba0yba0y $8 fre    $9  0  $a Bean $b Jonathan $f 1979-....
300 0  $a Illustrateur et auteur d'ouvrages pour la jeunesse
801    $a FR $b FR-751131015 $c 20081117
810    $a Clair de lune / Jonathan Bean, DL 2008
810    $a LC authorities - http://authorities.loc.gov (2008-03-18)
856    $u http://authorities.loc.gov/ $e 2008-03-18
999    $a FRBNF15614054X $b 15614054

