00994cx  a2200265   4500
001 95822
003 http://catalogue.bnf.fr/ark:/12148/cb13773670s
005 20240519032431.0
010    $a 0000000071422236 $2 VIAF $d 20130731
033    $a http://catalogue.bnf.fr/ark:/12148/cb13773670s
035    $a FRBNF137736702
039    $o OPL $a 015891439
100    $a 20020130afrey50      ba0
101    $a fre
102    $a FR
103    $a  1974               
105    $a a
106    $a 1  
120    $a b
200    $7 ba0yba0y $8 fre    $9  0  $a Snégaroff $b Thomas $f 1974-....
300 0  $a Agrégé d'histoire. - Spécialiste des États-Unis. - Enseignant à Sciences-Po (en 2015)
801    $a FR $b FR-751131015 $c 20160107
810    $a Préparer les épreuves, le CAPES d'histoire-géographie et l'agrégation d'histoire / E. Huertas et T. Snégaroff, 2001 $a Je suis ton père : la saga "Star wars", l'Amérique et ses démons / Thomas Snégaroff , DL 2015
999    $a FRBNF137736702 $b 13773670
152    $b NP

