00753nx  a2200253   4500
001 95992
003 http://catalogue.bnf.fr/ark:/12148/cb12354243s
005 20240512030443.0
010    $a 000000036371162X $2 VIAF $d 20130726
033    $a http://catalogue.bnf.fr/ark:/12148/cb12354243s
035    $a FRBNF123542438
039    $o OPL $a 009502634
100    $a 19931210afrey50      ba0
101    $a ita
102    $a IT
103    $a  1962               
105    $a a
106    $a 1  
152    $c 2 $b NP
200    $7 ba0yba0y $8 fre    $9  0  $a Medda $b Michele $f 1962-....
300 0  $a Scénariste de bandes dessinées
801    $a FR $b FR-751131015 $c 19931210
810    $a Nathan Never / [scénario de] Medda, Serra, Vigna, 1993
999    $a FRBNF123542438 $b 12354243

