01174cx  a2200265   4500
001 96168
003 http://catalogue.bnf.fr/ark:/12148/cb15674956d
005 20240512031512.0
010    $a 0000000120241360 $2 ISNI $d 20160216
033    $a http://catalogue.bnf.fr/ark:/12148/cb15674956d
035    $a FRBNF156749565
100    $a 20080604afrey50      ba0
101    $a eng
102    $a ZZ $a GB $a IT
103    $a  19..               
105    $a a
106    $a 1  
152    $c 2 $b NP
200    $7 ba0yba0y $8 fre    $9  0  $a Gregorio $b Michael $f 19..-.... $c romancier
300 0  $a Pseudonyme collectif de : Jacob, Michael G., enseignant et de son épouse : De Gregorio, Daniela, professeur de philosophie
500    $5 f $0 Utilisé par :  $3 12444063 $7 ba0yba0y $8 fre    $9  0  $a Jacob $b Michael G.
500    $5 f $0 Utilisé par :  $3 12444074 $7 ba0yba0y $8 fre    $9  0  $a De Gregorio $b Daniela
801    $a FR $b FR-751131015 $c 20110707
810    $a Critique de la raison criminelle : roman / Michael Gregorio ; traduit de l'anglais par Marie Boudewyn, impr. 2008 $a L'enquête prussienne : roman / Michael Gregorio ; traduit de l'anglais par Marie Boudewyn, impr. 2011
999    $a FRBNF156749565 $b 15674956

