00919cx  a2200265   4500
001 96343
003 http://catalogue.bnf.fr/ark:/12148/cb15684175p
005 20240512032739.0
010    $a 0000000115632957 $2 VIAF $d 20130806
033    $a http://catalogue.bnf.fr/ark:/12148/cb15684175p
035    $a FRBNF156841750
100    $a 20080611afrey50      ba0
102    $a GB
103    $a  1976               
105    $a i
106    $a 1  
120    $a a
152    $c 2 $b NP
200    $7 ba0yba0y $8 fre    $9  0  $a Stanley $b Lorraine $f 1976-....
300 0  $a Actrice
801    $a FR $b FR-751131015 $c 20080821
810    $a London to Brighton [Images animées] / Paul Andrew Williams, réal. [...] Lorraine Stanley, Johnny Harris, Sam Spruell, act. MK2 éd., [2008]
810    $a IMDB - http://www.imdb.com/name/nm1041607 (2008-06-11)
856    $u http://www.imdb.com/name/nm1041607/ $e 2008-06-11
999    $a FRBNF156841750 $b 15684175

