00886cx  a2200277   4500
001 96513
003 http://catalogue.bnf.fr/ark:/12148/cb14164474r
005 20240512034040.0
010    $a 0000000000945005 $2 VIAF $d 20131025
033    $a http://catalogue.bnf.fr/ark:/12148/cb14164474r
035    $a FRBNF141644747
039    $o OPP $a 14673474 $d 20061017
100    $a 20030310afrey50      ba0
102    $a FR
103    $a  19291112  20220124 
105    $a i
106    $a 010
120    $a a
200    $7 ba0yba0y $8 fre    $9  0  $a Choureau $b Etchika $f 1929-2022
300    $a Actrice
301    $a Paris (20e) $b Rabat (Maroc)
801    $a FR $b FR-751131015 $c 20230923
810    $a Les gens du cinéma / André Siscot, 1998 $a IMDB - https://www.imdb.com/name/nm0159404 (2023-09-23)
856    $u https://www.imdb.com/name/nm0159404/ $e 2023-09-23
999    $a FRBNF141644747 $b 14164474
152    $b NP

