01040cx  a2200277   4500
001 96688
003 http://catalogue.bnf.fr/ark:/12148/cb156678915
005 20240514034008.0
010    $a 0000000374353071 $2 ISNI $d 20131217
033    $a http://catalogue.bnf.fr/ark:/12148/cb156678915
035    $a FRBNF156678919
100    $a 20080529afrey50      ba0
101    $a fre
102    $a FR
103    $a  19780301           
105    $a a
106    $a 1  
120    $a a
200    $7 ba0yba0y $8 fre    $9  0  $a Sibylline $f 1978-....
300 0  $a Scénariste de bandes dessinées
801    $a FR $b FR-751131015 $c 20170828
810    $a Premières fois / [Sibylline] ; [dessins de Alfred, Capucine, Jérôme d'Aviau, et al.], impr. 2008 $a La sorcière / Siblylline & Marie Voyelle, DL 2017
810    $a Internet - http://zeiram.net/bds/auteur.php?coll=albums&idauteur=1413&liste=series (2008-05-29)
856    $u http://zeiram.net/bds/auteur.php?coll=albums&idauteur=1413&liste=series $e 2008-05-29
999    $a FRBNF156678919 $b 15667891
152    $b NP

