00725nx  a2200241   4500
001 96851
003 http://catalogue.bnf.fr/ark:/12148/cb15740615k
005 20240516022556.0
010    $a 0000000392048409 $2 ISNI $d 20160216
033    $a http://catalogue.bnf.fr/ark:/12148/cb15740615k
035    $a FRBNF15740615X
100    $a 20080728afrey50      ba0
101    $a fre $t dut
102    $a FR
103    $a  19..               
105    $a a
106    $a 1  
120    $a a
200    $7 ba0yba0y $8 fre    $9  0  $a Bardon $b Josiane
801    $a FR $b FR-751131015 $c 20080728
810    $a Où sont les animaux ? / Dirk Nielandt ; [traduit du néerlandais par Josiane Bardon], impr. 2008
999    $a FRBNF15740615X $b 15740615
152    $b NP

