01349cx  a2200325   4500
001 97026
003 http://catalogue.bnf.fr/ark:/12148/cb12258812z
005 20240512035946.0
033    $a http://catalogue.bnf.fr/ark:/12148/cb12258812z
035    $a FRBNF12258812X
039    $o OPL $a 00829900X
100    $a 19920813afrey50      ba0
106    $a 211
152    $b SNC $c 2
159    $a rameau
250    $7 ba0yba0y $8 fre    $9     $a Plasticité neuronale
450    $7 ba0yba0y $8 fre    $9     $a Cerveau $x Plasticité
450    $7 ba0yba0y $8 fre    $9     $a Neurones $x Plasticité
450    $7 ba0yba0y $8 fre    $9     $a Neuroplasticité
450    $7 ba0yba0y $8 fre    $9     $a Plasticité cérébrale
450    $7 ba0yba0y $8 fre    $9     $a Plasticité synaptique
550    $5 h $3 17897925 $7 ba0yba0y $8 fre    $9     $a Réserve cognitive
550    $5 h $3 16988359 $7 ba0yba0y $8 fre    $9     $a Spike-timing dependent plasticity
550    $5 g $3 11932590 $7 ba0yba0y $8 fre    $9     $a Neurophysiologie
550    $5 g $3 11974644 $7 ba0yba0y $8 fre    $9     $a Adaptation (physiologie)
686    $a 570 $c Sciences de la vie $2 Note de regroupement par domaine
801    $a FR $b FR-751131015 $c 19951207
822 12 $a Plasticité neuronale $2 RVMLaval $d 1995-12-07
822 1  $a Neuroplasticity $2 LCSH $u http://id.loc.gov/authorities/subjects/sh85091160 $d 2017-02-09
999    $a FRBNF12258812X $b 12258812

