00815cx  a2200265   4500
001 97237
003 http://catalogue.bnf.fr/ark:/12148/cb13772073x
005 20240512040709.0
010    $a 000000011767232X $2 VIAF $d 20130731
033    $a http://catalogue.bnf.fr/ark:/12148/cb13772073x
035    $a FRBNF137720737
039    $o OPL $a 015872517
100    $a 20020116afrey50      ba0
101    $a fre
102    $a FR
103    $a  19581121           
105    $a a
106    $a 1  
120    $a b
200    $7 ba0yba0y $8 fre    $9  0  $a Domerego $b Roch $f 1958-....
300 0  $a Naturopathe
801    $a FR $b FR-751131015 $c 20110609
810    $a Ces abeilles qui nous guérissent / Roch Domerego, 2001 $a Melipona : l'abeille sacrée des Mayas / Roch Domerego, impr. 2011
999    $a FRBNF137720737 $b 13772073
152    $b NP

