00866cx  a2200265   4500
001 97393
003 http://catalogue.bnf.fr/ark:/12148/cb142208011
005 20240512041449.0
010    $a 0000000119373366 $2 VIAF $d 20130801
033    $a http://catalogue.bnf.fr/ark:/12148/cb142208011
035    $a FRBNF142208012
100    $a 20030310afrey50      ba0
101    $a fre
102    $a FR
103    $a  19620207  20110713 
105    $a a $a i $a p
106    $a 1  
120    $a b
200    $7 ba0yba0y $8 fre    $9  0  $a Rioufol $b Marc $f 1962-2011
300 0  $a Acteur
801    $a FR $b FR-751131015 $c 20120713
810    $a Avant que j'oublie [Images animées] / Jacques Nolot, réal., scénario ; Jacques Nolot, Jean-Pol Dubois, Marc Rioufol... [et al.], act. Blaq out, [2009]
810    $a Libération, 2011-03-15, [portrait]
999    $a FRBNF142208012 $b 14220801
152    $b NP

