00757nx  a2200241   4500
001 97750
003 http://catalogue.bnf.fr/ark:/12148/cb15948278n
005 20240513053759.0
010    $a 0000000054937203 $2 ISNI $d 20150312
033    $a http://catalogue.bnf.fr/ark:/12148/cb15948278n
035    $a FRBNF15948278X
100    $a 20090220afrey50      ba0
101    $a fre
102    $a FR
103    $a  19..               
105    $a a
106    $a 1  
200    $7 ba0yba0y $8 fre    $9  0  $a Danielsen $b Dorian
300 0  $a Illustrateur
801    $a FR $b FR-751131015 $c 20090220
810    $a Aventuriers de l'extrême / auteurs, Guillaume Riffaud et Jean-Michel Billioud ; illustrations, Dorian Danielsen, DL 2008
999    $a FRBNF15948278X $b 15948278
152    $b NP

