00900cx  a2200253   4500
001 97918
003 http://catalogue.bnf.fr/ark:/12148/cb13903110f
005 20240512042919.0
010    $a 0000000106665490 $2 VIAF $d 20130731
033    $a http://catalogue.bnf.fr/ark:/12148/cb13903110f
035    $a FRBNF139031107
100    $a 19890601afrey50      ba0
102    $a US
103    $a  1987               
105    $a i
106    $a 1  
150    $a y $b v8  
152    $c 2 $b CO
210    $7 ba0yba0y $8 fre    $9 20  $a The Dynatones
300 0  $a Groupe vocal et instrumental. - Rock
307    $a Miller, C.C., chant $a Dunn, Larry, guit $a Bertolucci, Parris, claviers $a Perez, Tony, saxo, perc $a Mc Donald, Randy, guit b $a Salwitz, Walter Jr, batt, perc
500    $5 z $0 A pour membre :  $3 14606567 $7 ba0yba0y $8 fre    $9  0  $a McDonald $b Randy
801    $a FR $b FR-751131015 $c 20150302
999    $a FRBNF139031107 $b 13903110

