00856cx  a2200265   4500
001 98071
003 http://catalogue.bnf.fr/ark:/12148/cb160457030
005 20240512043620.0
010    $a 0000000061880401 $2 ISNI $d 20150312
033    $a http://catalogue.bnf.fr/ark:/12148/cb160457030
035    $a FRBNF16045703X
100    $a 20090605afrey50      ba0
102    $a FR
103    $a  19..               
105    $a i
106    $a 1  
120    $a a
200    $7 ba0yba0y $8 fre    $9  0  $a Probst $b Barbara
300 0  $a Actrice
801    $a FR $b FR-751131015 $c 20111124
810    $a Angèle, l'ange du clavecin [Multimédia multisupport] / Barbara Probst, voix. Actes Sud, 2008
810    $a IMDB - http://www.imdb.com/name/nm2053530 (2011-11-24)
856    $u http://www.imdb.com/name/nm2053530/ $e 2011-11-24
999    $a FRBNF16045703X $b 16045703
152    $b NP

