00981cx  a2200301   4500
001 98237
003 http://catalogue.bnf.fr/ark:/12148/cb15932021g
005 20240516033238.0
010    $a 0000000072516277 $2 VIAF $d 20130806
033    $a http://catalogue.bnf.fr/ark:/12148/cb15932021g
035    $a FRBNF159320215
039    $o OPL $a 000814440
039    $o OPP $a 13973457 $d 20151214
039    $o OPP $a 12608642 $d 20151214
039    $o OPP $a 16813476 $d 20151214
100    $a 20090206afrey50      ba0
101    $a fre $t eng
102    $a CA
103    $a  1944               
105    $a a $a i
106    $a 1  
120    $a a
152    $c 2 $b NP
200    $7 ba0yba0y $8 fre    $9  0  $a Germain $b Catherine $f 1944-....
300 0  $a Auteur d'ouvrages pour la jeunesse et traductrice
801    $a FR $b FR-751131015 $c 20151214
810    $a La carie / Avi Slodovnick ; illustrations de Manon Gauthier ; traduction de l'anglais de Catherine Gauthier, DL 2008
999    $a FRBNF159320215 $b 15932021

