01945cx  a2200397   4500
001 98414
003 http://catalogue.bnf.fr/ark:/12148/cb118897500
005 20240512045033.0
010    $a 000000011677907X $2 VIAF $d 20131024
033    $a http://catalogue.bnf.fr/ark:/12148/cb118897500
035    $a FRBNF118897505
039    $o OPL $a 000422770
100    $a 19790312afrey50      ba0
101    $a fre
102    $a ML
103    $a  19470501           
105    $a a $a p
106    $a 1  
120    $a a
152    $c 2 $b NP
200    $7 ba0yba0y $8 fre    $9  0  $a Ba Konaré $b Adamé $f 1947-....
400    $7 ba0yba0y $8 fre    $9     $a Ba $b Adamé $f 1947-....
400    $5 j $7 ba0yba0y $8 fre    $9     $a Ba $b Adamé Konaré $f 1947-....
400    $5 j $7 ba0yba0y $8 fre    $9     $a Konaré $b Adamé $f 1947-....
400    $5 j $7 ba0yba0y $8 fre    $9     $a Konaré $b Adamé Ba $f 1947-....
400    $5 j $7 ba0yba0y $8 fre    $9     $a Ba Konaré $b Adam $f 1947-....
400    $7 ba0yba0y $8 fre    $9     $a Ba $b Adam $f 1947-....
400    $5 j $7 ba0yba0y $8 fre    $9     $a Ba $b Adam Konaré $f 1947-....
400    $5 j $7 ba0yba0y $8 fre    $9     $a Konaré $b Adam $f 1947-....
400    $5 j $7 ba0yba0y $8 fre    $9     $a Konaré $b Adam Ba $f 1947-....
400    $5 j $7 ba0yba0y $8 fre    $9     $a Konaré Ba $b Adam $f 1947-....
801    $a FR $b FR-751131015 $c 20220329
810    $a Grandes dates du Mali / Alpha Oumar et Adam Ba Konaré, 1983 $a Parfums du Mali / Adame Ba Konaré, 2001 $a Petit précis de remise à niveau sur l'histoire africaine à l'usage du président Sarkozy / sous la direction de Adame Ba Konaré, DL 2008
810    $a Int. WW 2001 (article : KONARE, Alpha Oumar
815    $a Fontvielle. - Répertoire des chercheurs francophones / ACCT, 1980. - Dictionnaire général de la francophonie, 1986. - Répertoire des enseignants et chercheurs africains, 1984. - Répertoire des travaux scolaires et universitaires de maliens au Mali : 1960-1980, 1984
999    $a FRBNF118897505 $b 11889750

