02236cx  a2200421   4500
001 98578
003 http://catalogue.bnf.fr/ark:/12148/cb121255923
005 20240512045719.0
033    $a http://catalogue.bnf.fr/ark:/12148/cb121255923
035    $a FRBNF121255927
039    $o OPL $a 004744498
100    $a 19890927afrey50      ba0
106    $a 211
152    $b SNC $c 2
159    $a rameau
250    $7 ba0yba0y $8 fre    $9     $a Zoulou (langue)
300 1  $a Langue de l'Afrique australe, parlée principalement en Afrique du Sud
330    $a L'adjectif de langue correspondant est "zoulou". Il s'accorde en genre et en nombre
450    $7 ba0yba0y $8 fre    $9     $a IsiZoulou (langue)
450    $7 ba0yba0y $8 fre    $9     $a IsiZulu (langue)
450    $7 ba0yba0y $8 fre    $9     $a Zulu (langue)
450    $7 ba0yba0y $8 fre    $9     $a Zunda (langue)
550    $5 z $0 Voir aussi $3 12254448 $7 ba0yba0y $8 fre    $9     $a Dictionnaires zoulous
550    $5 z $0 Voir aussi $3 15125493 $7 ba0yba0y $8 fre    $9     $a Fanagalo $x langue
550    $5 z $0 Voir aussi $3 17940591 $7 ba0yba0y $8 fre    $9     $a Langues tsotsitaal
550    $5 z $0 Voir aussi $3 14519898 $7 ba0yba0y $8 fre    $9     $a Noms propres zoulous
550    $5 z $0 Voir aussi $3 15082535 $7 ba0yba0y $8 fre    $9     $a Traductions zouloues
550    $5 g $3 12037208 $7 ba0yba0y $8 fre    $9     $a Langues nguni
580  0 $5 z $0 Voir aussi $3 15100687 $7 ba0yba0y $8 fre    $9     $a Chansons zouloues
580  0 $5 z $0 Voir aussi $3 15097074 $7 ba0yba0y $8 fre    $9     $a Littérature zouloue
686    $a 400 $c Langues et linguistique $2 Note de regroupement par domaine
801    $a FR $b FR-751131015 $c 20210503
810    $a Grand Larousse universel
810    $a Les langues du monde / A. Meillet, M. Cohen, 1981 $a Les langues dans le monde ancien et moderne / J. Perrot, 1981 : zulu $a Les langues du monde / M. Sala, I. Vintila-Radulescu, 1984 : zulu $a Atlas of the world's languages / C. Moseley, R. E. Asher, 1994 : Zulu $a Ethnologue (15th ed.) : Zulu - http://www.ethnologue.com (2007-06-14)
822 12 $a Zoulou (langue) $2 RVMLaval $d 2021-05-03
822 12 $a Zulu language $2 LCSH $u http://id.loc.gov/authorities/subjects/sh85150044 $d 2021-05-03
856    $u http://www.ethnologue.com $e 2007-06-14
999    $a FRBNF121255927 $b 12125592

