01121cx  a2200277   4500
001 98733
003 http://catalogue.bnf.fr/ark:/12148/cb12090407t
005 20240514041649.0
033    $a http://catalogue.bnf.fr/ark:/12148/cb12090407t
035    $a FRBNF120904070
039    $o OPL $a 004186292
100    $a 19881112afrey50      ba0
106    $a 211
152    $b SNC $c 2
159    $a rameau
180    $a a
280  0 $7 ba0yba0y $8 fre    $9     $a Glossaires et lexiques multilingues
480  0 $7 ba0yba0y $8 fre    $9     $a Glossaires et lexiques polyglottes
550    $5 z $0 Voir aussi $3 11936549 $7 ba0yba0y $8 fre    $9     $a Multilinguisme
580  0 $5 z $0 Voir aussi $3 11975284 $7 ba0yba0y $8 fre    $9     $a Dictionnaires multilingues
580  0 $5 g $3 11976221 $7 ba0yba0y $8 fre    $9     $a Glossaires et lexiques
686    $a 020 $c Sciences de l'information $2 Note de regroupement par domaine
686    $a 401 $2 Note de regroupement par domaine
801    $a FR $b FR-751131015 $c 20121127
822 1  $a Glossaries, vocabularies, etc.--Polyglot $2 LCSH $u http://id.loc.gov/authorities/subjects/sh99001560 $d 2017-02-09
999    $a FRBNF120904070 $b 12090407

