00750nx  a2200253   4500
001 98899
003 http://catalogue.bnf.fr/ark:/12148/cb137491649
005 20240513023108.0
033    $a http://catalogue.bnf.fr/ark:/12148/cb137491649
035    $a FRBNF137491644
039    $o OPL $a 015736467
100    $a 20011017afrey50      ba0
101    $a fre
102    $a FR
105    $a a $c e
106    $a 1  
150    $a y $b l2  
210    $7 ba0yba0y $8 fre    $9 20  $a Editions Baby Lone
303    $a 1 quai des Bateliers, Cour du Corbeau, 67000 Strasbourg
410    $7 ba0yba0y $8 fre    $9     $a Baby Lone
801    $a FR $b FR-751131015 $c 20011204
810    $a [Recueil. Catalogues] / Editions Baby Lone, 1984-
999    $a FRBNF137491644 $b 13749164
152    $b CO

