00768cx  a2200265   4500
001 99057
003 http://catalogue.bnf.fr/ark:/12148/cb130906750
005 20240510030754.0
010    $a 0000000367843945 $2 ISNI $d 20161107
033    $a http://catalogue.bnf.fr/ark:/12148/cb130906750
035    $a FRBNF130906753
039    $o OPL $a 013325549
100    $a 19970708afrey50      ba0
101    $a eng
102    $a XX
103    $a  19..               
105    $a a
106    $a 1  
120    $a b
152    $c 2 $b NP
200    $7 ba0yba0y $8 fre    $9  0  $a Delgado $b Ricardo
300 0  $a Illustrateur, story-boarder
801    $a FR $b FR-751131015 $c 20081120
810    $a L'âge des reptiles / Histoire et dessin, Ricardo Delgado, DL 2008
999    $a FRBNF130906753 $b 13090675

