00909cx  a2200253   4500
001 99389
003 http://catalogue.bnf.fr/ark:/12148/cb16137168c
005 20240513025851.0
010    $a 0000000071128176 $2 ISNI $d 20150313
033    $a http://catalogue.bnf.fr/ark:/12148/cb16137168c
035    $a FRBNF16137168X
100    $a 20090924afrey50      ba0
102    $a XX
103    $a  19..               
105    $a i
106    $a 1  
120    $a b
152    $c 2 $b NP
200    $7 ba0yba0y $8 fre    $9  0  $a Zeigler $b Jeffrey
300 0  $a Violoncelliste
510    $5 xxxk $0 Membre de :  $3 13904490 $7 ba0yba0y $8 fre    $9 20  $a The Kronos quartet
801    $a FR $b FR-751131015 $c 20121213
810    $a Body Maps [Enregistrement sonore] / Paola Prestini, comp. ; Vision into art ensemble, ens. voc. et instr. ; Jeffrey Zeigler, vlc ; Pablo Rieppi, perc, vibr... [et al.]. Tzadik TZ 8060
999    $a FRBNF16137168X $b 16137168

