00741cx  a2200277   4500
001 99515
003 http://catalogue.bnf.fr/ark:/12148/cb123753593
005 20240513030516.0
033    $a http://catalogue.bnf.fr/ark:/12148/cb123753593
035    $a FRBNF123753595
039    $o OPL $a 009970565
039    $o OPP $a 13300496 $d 20081229
039    $o OPP $a 11853727 $d 20081229
039    $o OPP $a 14275115 $d 20081229
100    $a 19940307afrey50      ba0
101    $a fre
102    $a FR
105    $a a $c d
106    $a 1  
150    $a d
210    $7 ba0yba0y $8 fre    $9 20  $a Senlis $c Oise
303    $a 60300 Senlis
801    $a FR $b FR-751131015 $c 20101221
810    $a Dict. des communes, 1990
999    $a FRBNF123753595 $b 12375359
152    $b CO

