00870cx  a2200253   4500
001 99666
003 http://catalogue.bnf.fr/ark:/12148/cb16047538k
005 20240513031238.0
010    $a 0000000063163721 $2 VIAF $d 20130807
033    $a http://catalogue.bnf.fr/ark:/12148/cb16047538k
035    $a FRBNF160475383
100    $a 20090608afrey50      ba0
101    $a fre
102    $a FR
103    $a  1972    ?          
105    $a a
106    $a 1  
120    $a a
200    $7 ba0yba0y $8 fre    $9  0  $a Bontems $b Nathalie $f 1972?-....
300 0  $a Journaliste. - Correspondante au Liban du quotidien français "Ouest-France" et des magazines anglophones "Trends" et "Communicate" (en 2009)
801    $a FR $b FR-751131015 $c 20090608
810    $a Jours tranquilles à Beyrouth / Nathalie Bontemps et David Hury, impr. 2009
999    $a FRBNF160475383 $b 16047538
152    $b NP

