00950cx  a2200289   4500
001 99815
003 http://catalogue.bnf.fr/ark:/12148/cb14166845r
005 20240517023331.0
010    $a 000000000129796X $2 VIAF $d 20130801
033    $a http://catalogue.bnf.fr/ark:/12148/cb14166845r
035    $a FRBNF141668456
039    $o OPP $a 14674516 $d 20060620
100    $a 20030310afrey50      ba0
102    $a FR
103    $a  19691121           
105    $a i $a a
106    $a 1  
120    $a b
200    $7 ba0yba0y $8 fre    $9  0  $a Cottereau $b Julien $f 1969-....
300 0  $a Acteur. - Mime
301    $a Le Mans
801    $a FR $b FR-751131015 $c 20091126
810    $a Éternelles [Images animées] / Erick Zonca, réal. ; [...] Julien Cottereau, act. MK2 éd., 2006
810    $a IMDB - http://www.us.imdb.com/name/nm0182982 (2006-05-16)
856    $u http://www.us.imdb.com/name/nm0182982/ $e 2006-05-16
999    $a FRBNF141668456 $b 14166845
152    $b 

