00833cx  a2200253   4500
001 99957
003 http://catalogue.bnf.fr/ark:/12148/cb15879295x
005 20240513032416.0
010    $a 0000000072508381 $2 VIAF $d 20130806
033    $a http://catalogue.bnf.fr/ark:/12148/cb15879295x
035    $a FRBNF158792953
100    $a 20081216afrey50      ba0
101    $a bur $a eng
102    $a MM
103    $a  1946               
105    $a a
106    $a 1  
120    $a a
152    $c 2 $b NP
200    $7 ba0yba0y $8 fre    $9  0  $a Thanegi $b Ma $f 1946-....
300 0  $a Écrivain, peintre et journaliste
801    $a FR $b FR-751131015 $c 20090211
810    $a Birmanie, Myanmar / Ma Thanegi, Gabriele Fahr-Becker, impr. 2008 $a Birmanie, voyage intérieur / Ma Thanegi & Tiane Doan na Champassak, impr. 2008
999    $a FRBNF158792953 $b 15879295

