00734nx  a2200241   4500
001 100114
003 http://catalogue.bnf.fr/ark:/12148/cb15818376f
005 20240513064352.0
010    $a 0000000002168027 $2 VIAF $d 20130806
033    $a http://catalogue.bnf.fr/ark:/12148/cb15818376f
035    $a FRBNF158183767
100    $a 20081023afrey50      ba0
101    $a fre $t eng
102    $a FR
103    $a  19..               
105    $a a
106    $a 1  
120    $a a
200    $7 ba0yba0y $8 fre    $9  0  $a Santamans $b Armelle
801    $a FR $b FR-751131015 $c 20081023
810    $a Être heureuse sans être parfaite / Alice Domar ; traduit de l'anglais par Armelle Santamans, DL 2008
999    $a FRBNF158183767 $b 15818376
152    $b NP

