00859cx  a2200277   4500
001 100318
003 http://catalogue.bnf.fr/ark:/12148/cb13203784f
005 20240516051147.0
010    $a 0000000139164086 $2 VIAF $d 20130730
033    $a http://catalogue.bnf.fr/ark:/12148/cb13203784f
035    $a FRBNF132037844
039    $o OPL $a 013666269
039    $o OPP $a 16818968 $d 20151113
100    $a 19980130afrey50      ba0
101    $a fre
102    $a FR
103    $a  19..               
105    $a a
106    $a 1  
120    $a a
200    $7 ba0yba0y $8 fre    $9  0  $a Ponchon $b Christine
300 0  $a Illustratrice d'ouvrages pour la jeunesse
801    $a FR $b FR-751131015 $c 20151113
810    $a La petite souris des dents de lait / texte de Sandrine Deredel-Rogeon ; ill. de Christine Ponchon, 2004
999    $a FRBNF132037844 $b 13203784
152    $b NP

