01309cx  a2200361   4500
001 100464
003 http://catalogue.bnf.fr/ark:/12148/cb119875388
005 20240513054757.0
010    $a 0000000121229806 $2 VIAF $d 20130724
033    $a http://catalogue.bnf.fr/ark:/12148/cb119875388
035    $a FRBNF119875383
039    $o OPL $a 002261593
039    $o OPP $a 14054176 $d 20070718
039    $o OPP $a 14684106 $d 20070718
100    $a 19851011afrey50      ba0
101    $a eng
102    $a US
103    $a  19050924  19760405 
105    $a a
106    $a 010
120    $a b
152    $c 2 $b NP
200    $7 ba0yba0y $8 fre    $9  0  $a Hughes $b Howard $f 1905-1976
300    $a Homme d'affaires. - Producteur, cinéaste et acteur
301    $a Houston (Texas, États-Unis) $b Houston (Texas, États-Unis)
530    $5 z $0 Réalisateur de :  $3 17030445 $a The outlaw (film ; 1941)
530    $5 z $0 Réalisateur de :  $3 16462710 $a Hell's angels (film)
686    $a 330 $c Economie $2 Note de regroupement par domaine
686    $a 791 $c Audiovisuel $2 Note de regroupement par domaine
801    $a FR $b FR-751131015 $c 20130715
810    $a Le banni [Images animées] / Howard Hughes, réal. Fil à film, [1992] $a Cityzen Hughes / Michael Drosnin, impr. 2005
810    $a LCNA, 1984
999    $a FRBNF119875383 $b 11987538

