01268cx  a2200277   4500
001 100618
003 http://catalogue.bnf.fr/ark:/12148/cb16248321w
005 20240513055357.0
033    $a http://catalogue.bnf.fr/ark:/12148/cb16248321w
035    $a FRBNF162483215
100    $a 20101203afrey50      ba0
102    $a XX
103    $a  2007               
105    $a i
106    $a 1  
150    $a y $b v8  
152    $c 2 $b CO
210    $7 ba0yba0y $8 fre    $9 20  $a Hué-circum
300 0  $a Groupe vocal et instrumental inspiré du jazz et de la musique traditionnelle vietnamienne
307    $a Duong Thi Lan Huong, dan tranh, chant $a Nguyen Khac Dinh Du, dan bau $a Duong Tien Dung, dan Nguyet $a Favreuille, Julien, saxophone t, saxophone s $a Beaumont, Sébastien, guitare $a Benoît, Olivier, guitare basse, guitare électrique $a Orins, Peter, batterie
500    $5 z $0 A pour membre :  $3 16245096 $7 ba0yba0y $8 fre    $9  0  $a Orins $b Peter $f 1977-....
801    $a FR $b FR-751131015 $c 20101206
810    $a Bai hat [Enregistrement sonore]. Circum-disc CIDI802
810    $a Circum-disc - http://www.circum-music.com/groupes/groupes_huecircum.php (2010-11-03)
856    $u http://www.circum-music.com/groupes/groupes_huecircum.php $e 2010-11-03
999    $a FRBNF162483215 $b 16248321

