00936cx  a2200253   4500
001 100793
003 http://catalogue.bnf.fr/ark:/12148/cb16248180v
005 20240513060622.0
033    $a http://catalogue.bnf.fr/ark:/12148/cb16248180v
035    $a FRBNF162481805
100    $a 20101203afrey50      ba0
102    $a FR
103    $a  200.               
105    $a i
106    $a 1  
150    $a y $b v9  
210    $7 ba0yba0y $8 fre    $9 20  $a La Grande perezade
300 0  $a Big-band de jazz
801    $a FR $b FR-751131015 $c 20101203
810    $a Urban bush [Enregistrement sonore]. Circum-disc CIDI 803
810    $a Circum-disc - http://www.circum-music.com/label/label-GP.htm (2010-11-03) $a My space - http://www.myspace.com/lagrandeperezade (2010-11-13)
856    $u http://www.circum-music.com/label/label-GP.htm $e 2010-11-03 $u http://www.myspace.com/lagrandeperezade $e 2010-11-13
999    $a FRBNF162481805 $b 16248180
152    $b CO

