01175cx  a2200277   4500
001 100957
003 http://catalogue.bnf.fr/ark:/12148/cb13901037q
005 20240513061436.0
010    $a 000000007839491X $2 VIAF $d 20130731
033    $a http://catalogue.bnf.fr/ark:/12148/cb13901037q
035    $a FRBNF139010376
100    $a 19890601afrey50      ba0
102    $a US
103    $a  19460620  20230712 
105    $a i
106    $a 010
120    $a b
152    $c 2 $b NP
200    $7 ba0yba0y $8 fre    $9  0  $a Watts $b André $f 1946-2023
300    $a Pianiste
301    $a Nuremberg (Allemagne) $b Bloomington, Ind.
801    $a FR $b FR-751131015 $c 20230922
810    $a Une heure inoubliable avec Ludwig van Beethoven [Enregistrement sonore] : Symphonies n°5 et n°9, Concerto pour piano n°5, Lettre à Élise... / Boston symphony orchestra ; Charles Munch, dir. ; André Watts, p... [et al.]. - [Europe] : Sony music entertainment ; [France] : distrib. Sony music entertainment France, P 2015.
810    $a Pâris $a Discogs - https://www.discogs.com/artist/874561 (2023-07-20)
856    $u https://www.discogs.com/artist/874561 $e 2023-07-20
999    $a FRBNF139010376 $b 13901037

