00756nx  a2200253   4500
001 101127
003 http://catalogue.bnf.fr/ark:/12148/cb15982899n
005 20240513062155.0
010    $a 0000000367935778 $2 VIAF $d 20130806
033    $a http://catalogue.bnf.fr/ark:/12148/cb15982899n
035    $a FRBNF15982899X
100    $a 20090324afrey50      ba0
101    $a fre
102    $a CA
103    $a  19..               
105    $a a
106    $a 1  
120    $a a
152    $c 2 $b NP
200    $7 ba0yba0y $8 fre    $9  0  $a Forget $b Noëmie
300 0  $a Auteur d'ouvrages pour la jeunesse
801    $a FR $b FR-751131015 $c 20090324
810    $a Ma gardienne / texte de Noëmie Forget ; illustrations de Tommy Doyle, DL 2008
999    $a FRBNF15982899X $b 15982899

