00844cx  a2200241   4500
001 101260
003 http://catalogue.bnf.fr/ark:/12148/cb16170406s
005 20240513062808.0
010    $a 0000000074328229 $2 ISNI $d 20150313
033    $a http://catalogue.bnf.fr/ark:/12148/cb16170406s
035    $a FRBNF161704066
100    $a 20100111afrey50      ba0
101    $a fre
102    $a FR
103    $a  19..               
105    $a i
106    $a 1  
120    $a b
200    $7 ba0yba0y $8 fre    $9  0  $a Bonnet $b François $f 19..-.... $c acteur
801    $a FR $b FR-751131015 $c 20100517
810    $a Christophe Colomb découvre l'Amérique [Multimédia multisupport] / Marion Augustin, Clémence Mathieu ; François Marthouret, Maxime Leroux, François Bonnet... [et al.], voix. Milan jeunesse, 2009
999    $a FRBNF161704066 $b 16170406
152    $b NP

