00713nx  a2200253   4500
001 101409
003 http://catalogue.bnf.fr/ark:/12148/cb16156172s
005 20240513063624.0
010    $a 0000000072838102 $2 VIAF $d 20130807
033    $a http://catalogue.bnf.fr/ark:/12148/cb16156172s
035    $a FRBNF161561725
100    $a 20091110afrey50      ba0
101    $a fre
102    $a FR
103    $a  19..               
105    $a a
106    $a 1  
120    $a a
200    $7 ba0yba0y $8 fre    $9  0  $a Thévenet $b Solène
300 0  $a Psychologue
801    $a FR $b FR-751131015 $c 20091110
810    $a Alzheimer / Florence Moulin, Solène Thévenet, impr. 2009
999    $a FRBNF161561725 $b 16156172
152    $b NP

