00920nx  a2200277   4500
001 101562
003 http://catalogue.bnf.fr/ark:/12148/cb156065194
005 20240517033213.0
010    $a 0000000114789864 $2 VIAF $d 20130806
033    $a http://catalogue.bnf.fr/ark:/12148/cb156065194
035    $a FRBNF156065193
100    $a 20080222afrey50      ba0
101    $a eng
102    $a US
103    $a  19691023           
105    $a a
106    $a 1  
120    $a b
152    $c 2 $b NP
200    $7 ba0yba0y $8 fre    $9  0  $a Durham $b David Anthony $f 1969-....
300 0  $a Romancier. - Professeur, Cal state university, Fresno, Calif. (en 2007)
801    $a FR $b FR-751131015 $c 20080222
810    $a Acacia : Book one : the war with the mein / David Anthony Durham, 2007
810    $a LCNA - http://authorities.loc.gov (2008-02-22)
856    $u http://authorities.loc.gov $e 2008-02-22
999    $a FRBNF156065193 $b 15606519

