00787cx  a2200241   4500
001 101744
003 http://catalogue.bnf.fr/ark:/12148/cb150257143
005 20240513065220.0
010    $a 0000000002931475 $2 VIAF $d 20130805
033    $a http://catalogue.bnf.fr/ark:/12148/cb150257143
035    $a FRBNF150257144
100    $a 20051208afrey50      ba0
101    $a fre
102    $a FR
103    $a  19410919           
105    $a a
106    $a 1  
120    $a b
200    $7 ba0yba0y $8 fre    $9  0  $a Demangel $b Jean-Paul $f 1941-....
801    $a FR $b FR-751131015 $c 20051209
810    $a Histoires de goule et autres contes : contes du Moyen-Orient / recueillis par Véronique Lagny-Delatour ; illustrations, Jean-Paul Demangel, DL 2005
999    $a FRBNF150257144 $b 15025714
152    $b NP

