00665nx  a2200241   4500
001 101895
003 http://catalogue.bnf.fr/ark:/12148/cb15770527x
005 20240519075215.0
010    $a 000000001314539X $2 VIAF $d 20131025
033    $a http://catalogue.bnf.fr/ark:/12148/cb15770527x
035    $a FRBNF157705276
100    $a 20080903afrey50      ba0
101    $a fre
102    $a FR
103    $a  19..               
105    $a a
106    $a 1  
120    $a a
200    $7 ba0yba0y $8 fre    $9  0  $a Bril $b Laurence
801    $a FR $b FR-751131015 $c 20080903
810    $a Le parler chti / Laurence Bril, impr. 2008
999    $a FRBNF157705276 $b 15770527
152    $b NP

