00677nx  a2200229   4500
001 102057
003 http://catalogue.bnf.fr/ark:/12148/cb161777189
005 20240513070835.0
033    $a http://catalogue.bnf.fr/ark:/12148/cb161777189
035    $a FRBNF161777185
100    $a 20100205afrey50      ba0
101    $a spa
102    $a ES
103    $a  19..               
105    $a a
106    $a 1  
120    $a b
152    $c 2 $b NP
200    $7 ba0yba0y $8 fre    $9  0  $a Oliden $b Javier
801    $a FR $b FR-751131015 $c 20100205
810    $a La gymnastique mentale : un programme complet pour entretenir votre cerveau / Javier Oliden, DL 2009
999    $a FRBNF161777185 $b 16177718

