01199cx  a2200277   4500
001 102235
003 http://catalogue.bnf.fr/ark:/12148/cb14495508m
005 20240515045502.0
010    $a 0000000083508555 $2 VIAF $d 20130801
033    $a http://catalogue.bnf.fr/ark:/12148/cb14495508m
035    $a FRBNF144955080
100    $a 20030923afrey50      ba0
101    $a fre
102    $a FR
103    $a  19700818  ....     
105    $a a
106    $a 1  
120    $a b
200    $7 ba0yba0y $8 fre    $9  0  $a Durand $b Stéphane $f 1970-....
300 0  $a Biologiste et ornithologue. - Scénariste, photographe, conférencier
801    $a FR $b FR-751131015 $c 20230418
810    $a Le peuple migrateur [Multimédia multisupport] / dir. de publication, Pascal Nègre ;  Jacques Perrin, Stéphane Durand, scénario. Universal music kiosks, 2002 $a Les oiseaux voyageurs / Stéphane Durand, 2003 $a 20 000 ans ou La grande histoire de la nature / Stéphane Durand, DL 2018
810    $a Faunesauvage.fr - https://www.faunesauvage.fr/fspersonnalite/durand-stephane (2023-04-18)
856    $u https://www.faunesauvage.fr/fspersonnalite/durand-stephane $e 2023-04-18
999    $a FRBNF144955080 $b 14495508
152    $b NP

