01292cx  a2200313   4500
001 102418
003 http://catalogue.bnf.fr/ark:/12148/cb16173015c
005 20240512053238.0
010    $a 0000000076905851 $2 VIAF $d 20130807
033    $a http://catalogue.bnf.fr/ark:/12148/cb16173015c
035    $a FRBNF161730157
039    $o OPP $a 14458044 $d 20100202
100    $a 20100120afrey50      ba0
101    $a eng
102    $a CA
103    $a  1964               
105    $a a
106    $a 1  
120    $a a
152    $c 2 $b NP
200    $7 ba0yba0y $8 fre    $9  0  $a Moore $b Lisa Lynne $f 1964-....
300 0  $a Romancière, nouvelliste et artiste
400    $7 ba0yba0y $8 fre    $9     $a Moore $b Lisa L. $f 1964-....
400    $7 ba0yba0y $8 fre    $9     $a Moore $b Lisa $f 1964-....
801    $a FR $b FR-751131015 $c 20140108
810    $a Alligator / Lisa Moore, 2005 $a Dangerous intimacies : toward a sapphic history of British novel / Lisa L. Moore, 1997
810    $a Bibliothèque nationale, Canada - http://amicus.collectionscanada.gc.ca (2010-01-21) $a Contemporary authors, 2010-01 $a LC authorities : Moore, Lisa, 1964- - http://authorities.loc.gov (2013-12-19)
856    $u http://amicus.collectionscanada.gc.ca $e 2010-01-21 $u http://authorities.loc.gov $e 2013-12-19
999    $a FRBNF161730157 $b 16173015

