01401cx  a2200277   4500
001 102607
003 http://catalogue.bnf.fr/ark:/12148/cb12508729w
005 20240515042308.0
010    $a 0000000116722938 $2 VIAF $d 20130729
033    $a http://catalogue.bnf.fr/ark:/12148/cb12508729w
035    $a FRBNF125087291
039    $o OPL $a 01247926X
100    $a 19960409afrey50      ba0
101    $a fre
102    $a FR
103    $a  19661208           
105    $a a
106    $a 1  
120    $a b
200    $7 ba0yba0y $8 fre    $9  0  $a Salmon $b Xavier $f 1966-....
300 0  $a Conservateur général du patrimoine. - Spécialiste de l'art du XVIIIe siècle. - Directeur du Département des arts graphiques au Musée du Louvre, Paris (France) (en 2016). - Directeur du patrimoine et des collections du château de Fontainebleau (en 2011). - Conservateur au Musée national des châteaux de Versailles et de Trianon (en 1994)
801    $a FR $b FR-751131015 $c 20160523
810    $a Catalogue raisonné des dessins anciens du Musée Centre-des-arts de Fécamps... / Xavier Salmon et Philippe Malgouyres, 1994 $a Le triomphe de Vénus par Noël Coypel / Xavier Salmon, impr. 2011 $a À l'ombre des frondaisons d'Arcueil... : [exposition, Paris, Musée du Louvre..., 2016] / [catalogue] sous la direction de Xavier Salmon, DL 2016
810    $a WW, France 2012
999    $a FRBNF125087291 $b 12508729
152    $b NP

