02102cx  a2200397   4500
001 102770
003 http://catalogue.bnf.fr/ark:/12148/cb16060780n
005 20240519033730.0
033    $a http://catalogue.bnf.fr/ark:/12148/cb16060780n
035    $a FRBNF160607803
100    $a 20090619afrey50      ba0
106    $a 211
152    $b GENRE/FORM $c 2
159    $a rameau
180    $a b
280  0 $7 ba0yba0y $8 fre    $9     $a Electro-pop
300 1  $a Courant né dans les années 1980, dans lequel se mêlent pop music, électronique et nouvelles technologies
480  0 $7 ba0yba0y $8 fre    $9     $a Electro rock
480  0 $7 ba0yba0y $8 fre    $9   2 $a Electropop
480  0 $7 ba0yba0y $8 fre    $9     $a Pop électronique
480  0 $7 ba0yba0y $8 fre    $9     $a Pop synthétique
480  0 $7 ba0yba0y $8 fre    $9     $a Poptronica
480  0 $7 ba0yba0y $8 fre    $9     $a Synth pop
480  0 $7 ba0yba0y $8 fre    $9     $a Synthpop
480  0 $7 ba0yba0y $8 fre    $9     $a Techno-pop
580  0 $5 g $3 12132383 $7 ba0yba0y $8 fre    $9     $a Musique électroacoustique
580  0 $5 g $3 12179854 $7 ba0yba0y $8 fre    $9     $a New wave (musique)
686    $a 780 $c Musique $2 Note de regroupement par domaine
801    $a FR $b FR-751131015 $c 20150528
810    $a Encycl. universalis (art. : Factory Records) : électropop - http://www.universalis-edu.com (2014-01-16)
810    $a Dict. des mots de la musique / J. Siron, 2002 $a Le dico des musiques / J.-M. Leduc, 1996 $a Dict. du rock / M. Assayas, 2000 (art. : Depeche Mode) $a Une hist. musicale du rock / C. Pirenne, 2011 : electropop $a Musiques électroniques : des avant-gardes aux dance-floors / G. Kosmicki, 2009 (p. 236) : electro-pop ou synthpop $a Allmusic : synth pop - http://www.allmusic.com (2015-05-28)
815    $a Encycl. illustrée de toutes les musiques / P. Du Noyer, 2004
822 1  $a Synthpop (Music) $2 LCSH $u http://id.loc.gov/authorities/subjects/sh2010009077 $d 2017-02-09
856    $u http://www.universalis-edu.com $e 2014-01-16
856    $u Dict. des mots de la musique / J. Siron, 2002 $u http://www.allmusic.com $e 2015-05-28
999    $a FRBNF160607803 $b 16060780

