01132cx  a2200277   4500
001 102955
003 http://catalogue.bnf.fr/ark:/12148/cb145059170
005 20240510035252.0
010    $a 0000000001010447 $2 VIAF $d 20130801
033    $a http://catalogue.bnf.fr/ark:/12148/cb145059170
035    $a FRBNF145059171
100    $a 20031110afrey50      ba0
101    $a fre
102    $a FR
103    $a  19..      ....     
105    $a a
106    $a 1  
120    $a a
200    $7 ba0yba0y $8 fre    $9  0  $a Lavaud $b Bernadette
300 0  $a Formatrice au CNFPT, Centre national de la fonction publique territoriale, Délégation régionale de la première couronne Île-de-France (en 2002)
400    $7 ba0yba0y $8 fre    $9     $a Lavaud-Schwab $b Bernadette
400    $7 ba0yba0y $8 fre    $9     $a Schwab $b Bernadette Lavaud-
801    $a FR $b FR-751131015 $c 20090818
810    $a L'épreuve de français : préparation au concours Adjoint administratif / Bernadette Lavaud-Schwab, 2002 $a Adjoint administratif territorial / Bernadette Lavaud, Pierre Lefaure, Pierre-Brice Lebrun, impr. 2009
999    $a FRBNF145059171 $b 14505917
152    $b NP

