01168cx  a2200313   4500
001 103132
003 http://catalogue.bnf.fr/ark:/12148/cb16006758p
005 20240515031210.0
010    $a 0000000116817013 $2 VIAF $d 20130807
033    $a http://catalogue.bnf.fr/ark:/12148/cb16006758p
035    $a FRBNF160067588
039    $o OPP $a 16787714 $d 20161214
100    $a 20090421afrey50      ba0
101    $a spa
102    $a ES
103    $a  19600828           
105    $a a
106    $a 1  
120    $a b
152    $c 2 $b NP
200    $7 ba0yba0y $8 fre    $9  0  $a García Sobrino $b Javier $f 1960-....
300 0  $a Auteur d'ouvrages pour la jeunesse et d'études sur la littérature pour la jeunesse
400    $7 ba0yba0y $8 fre    $9     $a Sobrino $b Javier García $f 1960-....
400    $7 ba0yba0y $8 fre    $9     $a Sobrino $b Javier $f 1960-....
801    $a FR $b FR-751131015 $c 20161214
810    $a Elmer en cantabria / Javier García Sobrino, 1998 $a Un secret de la forêt / Javier Sobrino ; illustrations d'Elena Odriozola, 2009
810    $a BNE Autoridates - http://www.bne.es (2016-12-14)
856    $u http://www.bne.es $e 2016-12-14
999    $a FRBNF160067588 $b 16006758

