00861cx  a2200265   4500
001 103317
003 http://catalogue.bnf.fr/ark:/12148/cb161781820
005 20240514073255.0
033    $a http://catalogue.bnf.fr/ark:/12148/cb161781820
035    $a FRBNF161781828
100    $a 20100208afrey50      ba0
101    $a eng
102    $a US
103    $a  19..               
105    $a a
106    $a 1  
120    $a b
152    $c 2 $b NP
200    $7 ba0yba0y $8 fre    $9  0  $a Goldman $b Joel
300 0  $a Romancier. - Avocat depuis 1977 (en 2010)
801    $a FR $b FR-751131015 $c 20111025
810    $a Tremblements / Joel Goldman ; traduit de l'anglais (États-Unis) par Aurélie Tronchet, impr. 2010
810    $a LC authorities - http://authorities.loc.gov (2011-10-25)
856    $u http://authorities.loc.gov/ $e 2011-10-25
999    $a FRBNF161781828 $b 16178182

