00728cx  a2200241   4500
001 103487
003 http://catalogue.bnf.fr/ark:/12148/cb16084111j
005 20240514073925.0
010    $a 0000000065345852 $2 VIAF $d 20130807
033    $a http://catalogue.bnf.fr/ark:/12148/cb16084111j
035    $a FRBNF160841119
100    $a 20090717afrey50      ba0
101    $a fre
102    $a FR
103    $a  19..               
105    $a a
106    $a 1  
120    $a b
200    $7 ba0yba0y $8 fre    $9  0  $a Marconi $b Luc
801    $a FR $b FR-751131015 $c 20090717
810    $a Ma cuisine végétalienne / textes et photographies de Robert Callier ; recettes de Luc Marconi, impr. 2009
999    $a FRBNF160841119 $b 16084111
152    $b NP

