01718cx  a2200373   4500
001 103670
003 http://catalogue.bnf.fr/ark:/12148/cb16181483p
005 20240514075115.0
010    $a 0000000384738266 $2 ISNI $d 20190626
010    $y 0000000077214681 $2 VIAF $d 20131025
033    $a http://catalogue.bnf.fr/ark:/12148/cb16181483p
035    $a FRBNF161814833
039    $o OPP $a 17811107 $d 20190617
100    $a 20100218afrey50      ba0
101    $a jpn
102    $a JP
103    $a  19631104           
105    $a a $a i
106    $a 1  
120    $a b
152    $c 2 $b NP
200    $7 ba0yba0y $8 fre    $9  0  $a Lily $b Franky $f 1963-....
300 0  $a Acteur. - Scénariste. - Illustrateur et réalisateur de film d'animation. - Musicien pop-rock. - Photographe. - Écrivain essayiste, auteur d'albums pour enfant. - Chroniqueur de presse et radio
400    $5 e $7 ba0yba0y $8 fre    $9     $a Lily $b Frankie $f 1963-....
400    $5 e $7 ba0yba0y $8 fre    $9     $a Lily Franky $f 1963-....
400    $5 e $7 ba0yba0y $8 fre    $9     $a Lily Frankie $f 1963-....
400    $5 e $7 ba0yba0y $8 fre    $9     $a Frankie $b Lily $f 1963-....
400    $5 e $7 ba0yba0y $8 fre    $9     $a Franky $b Lily $f 1963-....
400    $5 e $7 ba0yba0y $8 fre    $9     $a Ririi $b Furankii
801    $a FR $b FR-751131015 $c 20190617
810    $a La tour de Tokyo / Lily Franky, DL 2010 $a As the gods will [Images animées] / Takashi Miike, réal. ; Lily Franky, act. NFi, [2019]
810    $a IMDB - https://www.imdb.com/name/nm1410940 (2019-05-07) $a Wikipedia - https://en.wikipedia.org/wiki/Lily_Franky (2019-06-17)
856    $u https://www.imdb.com/name/nm1410940 $e 2019-05-07 $u https://en.wikipedia.org/wiki/Lily_Franky $e 2019-06-17
999    $a FRBNF161814833 $b 16181483

