01050cx  a2200289   4500
001 103854
003 http://catalogue.bnf.fr/ark:/12148/cb162017115
005 20240514075746.0
010    $a 0000000079273220 $2 ISNI $d 20211117
033    $a http://catalogue.bnf.fr/ark:/12148/cb162017115
035    $a FRBNF162017114
100    $a 20100512afrey50      ba0
101    $a fre
102    $a FR
103    $a  1981               
105    $a a
106    $a 1  
120    $a a
200    $7 ba0yba0y $8 fre    $9  0  $a Modrimane $f 1981-....
300 0  $a Illustratrice d'ouvrages pour la jeunesse. - Diplômée de l'École Émile Cohl, Lyon (en 2004). - Vit et travaille à Toulouse (en 2004)
300 0  $a Pseudonyme de Maud Riemann
801    $a FR $b FR-751131015 $c 20201029
810    $a Le vol de la cigogne / Modrimane, DL 2010
810    $a BDthèque - http://www.bedetheque.com/auteur-18421-BD-Modrimane.html (2010-05-12)
856    $u http://www.bedetheque.com/auteur-18421-BD-Modrimane.html $e 2010-05-12
999    $a FRBNF162017114 $b 16201711
152    $b NP

