00936cx  a2200277   4500
001 104046
003 http://catalogue.bnf.fr/ark:/12148/cb11891508x
005 20240518044829.0
010    $a 0000000004761983 $2 VIAF $d 20130724
033    $a http://catalogue.bnf.fr/ark:/12148/cb11891508x
035    $a FRBNF118915088
039    $o OPL $a 000469670
100    $a 19780508afrey50      ba0
101    $a fre $t eng
102    $a FR
103    $a  19380514           
105    $a a
106    $a 1  
120    $a b
200    $7 ba0yba0y $8 fre    $9  0  $a Bernard $b Henri $f 1938-....
300 0  $a Vulgarisateur médical
330    $a Ne pas confondre avec Henri Bernard (1895-1980), médecin
801    $a FR $b FR-751131015 $c 20240216
810    $a Bien nourrir votre enfant / [Henri Bernard], 1981 $a Un homme en elle : journal d'un transsexuel / Paul Hewitt ; trad. de l'anglais par Henri Bernard, 1996
999    $a FRBNF118915088 $b 11891508
152    $b NP

