00785nx  a2200253   4500
001 104242
003 http://catalogue.bnf.fr/ark:/12148/cb162293880
005 20240515022108.0
010    $a 0000000081586111 $2 VIAF $d 20130807
033    $a http://catalogue.bnf.fr/ark:/12148/cb162293880
035    $a FRBNF162293881
100    $a 20100909afrey50      ba0
101    $a swe
102    $a SE
103    $a  1971               
105    $a a
106    $a 1  
120    $a b
152    $c 2 $b NP
200    $7 ba0yba0y $8 fre    $9  0  $a Nilsson $b Henrik B. $f 1971-....
300 0  $a Titulaire d'une licence d'économie et d'un master de creative writting. - Romancier
801    $a FR $b FR-751131015 $c 20100909
810    $a Le faux ami / Henrik B. Nilsson, impr. 2010
999    $a FRBNF162293881 $b 16229388

