00848cx  a2200253   4500
001 104431
003 http://catalogue.bnf.fr/ark:/12148/cb15888309r
005 20240515022926.0
010    $a 0000000117516626 $2 VIAF $d 20130806
033    $a http://catalogue.bnf.fr/ark:/12148/cb15888309r
035    $a FRBNF15888309X
100    $a 20081229afrey50      ba0
101    $a fre
102    $a FR
103    $a  19621221           
105    $a a
106    $a 1  
120    $a b
200    $7 ba0yba0y $8 fre    $9  0  $a Réchauchère $b Olivier $f 1962-....
300 0  $a Ingénieur agronome. - Responsable de la communication au centre INRA de Versailles-Grignon (en 2008)
801    $a FR $b FR-751131015 $c 20081229
810    $a Les clés des champs / Thierry Doré, Olivier Réchauchère, Philippe Schmidely, DL 2008
999    $a FRBNF15888309X $b 15888309
152    $b NP

