00805cx  a2200253   4500
001 104665
003 http://catalogue.bnf.fr/ark:/12148/cb144480992
005 20240517044006.0
010    $a 0000000001472967 $2 VIAF $d 20130801
033    $a http://catalogue.bnf.fr/ark:/12148/cb144480992
035    $a FRBNF144480993
100    $a 20030117afrey50      ba0
101    $a fre
102    $a FR
103    $a  19..      ....     
105    $a a
106    $a 1  
120    $a a
200    $7 ba0yba0y $8 fre    $9  0  $a Bonnerot $b Anne-Marie
300 0  $a Professeur certifiée d'anglais (en 2017)
801    $a FR $b FR-751131015 $c 20170802
810    $a Conjugaison anglaise / Anne-Marie Bonnerot, 2002 $a Concours Sous-officier de gendarmerie / Anne-Marie Bonnerot, DL 2017
999    $a FRBNF144480993 $b 14448099
152    $b NP

