01179cx  a2200301   4500
001 104808
003 http://catalogue.bnf.fr/ark:/12148/cb12986832x
005 20240515025322.0
010    $a 0000000001711227 $2 VIAF $d 20130730
033    $a http://catalogue.bnf.fr/ark:/12148/cb12986832x
035    $a FRBNF129868323
039    $o OPL $a 010464796
039    $o OPP $a 16809826 $d 20160718
100    $a 19940823afrey50      ba0
101    $a fre
102    $a XX
103    $a  19..               
105    $a a $a i
106    $a 1  
120    $a b
152    $c 2 $b NP
200    $7 ba0yba0y $8 fre    $9  0  $a Bouzzine $b Hamed
300 0  $a Conteur. - Percussionniste
801    $a FR $b FR-751131015 $c 20160718
810    $a Jounaïd et l'oiseau de paradis [Multimédia multisupport] / Hamed Bouzzine. Actes sud junior, Cité de la musique, 2003
810    $a Africultures - http://www.africultures.com/php/?nav=personne&no=14387 (2016-07-18) $a Bladi - http://www.bladi.net/hamed-bouzzine-conteur.html (2016-07-18)
856    $u http://www.africultures.com/php/?nav=personne&no=14387 $e 2016-07-18 $u http://www.bladi.net/hamed-bouzzine-conteur.html $e 2016-07-18
999    $a FRBNF129868323 $b 12986832

