00994cx  a2200313   4500
001 104981
003 http://catalogue.bnf.fr/ark:/12148/cb12144313k
005 20240517033256.0
010    $a 0000000081225762 $2 VIAF $d 20130725
033    $a http://catalogue.bnf.fr/ark:/12148/cb12144313k
035    $a FRBNF121443135
039    $o OPL $a 005017975
039    $o OPP $a 14033898 $d 20061018
100    $a 19900411afrey50      ba0
101    $a eng
102    $a US
103    $a  19010327  20000825 
105    $a a
106    $a 010
120    $a b
152    $c 2 $b NP
200    $7 ba0yba0y $8 fre    $9  0  $a Barks $b Carl $f 1901-2000
300    $a Dessinateur
301    $a Merrill, Or. $b Grants Pass, Or.
801    $a FR $b FR-751131015 $c 20221223
810    $a L'oeuvre dessinée / de Carl Barks ; [publ. par] Walt Disney, 1989-
810    $a LC Authorities - http://authorities.loc.gov (2022-12-23) $a Monde, 2000-08-28
856    $u http://authorities.loc.gov $e 2022-12-23
999    $a FRBNF121443135 $b 12144313

