00554cx  a2200193   4500
001 105125
003 http://catalogue.bnf.fr/ark:/12148/cb11942441v
005 20240515031953.0
033    $a http://catalogue.bnf.fr/ark:/12148/cb11942441v
035    $a FRBNF119424416
039    $o OPL $a 001661773
100    $a 19810901afrey50      ba0
106    $a 200
152    $b SNG $c 2
159    $a rameau
215    $7 ba0yba0y $8 fre    $9     $a Lens (Pas-de-Calais, France)
801    $a FR $b FR-751131015 $c 19860612
810    $a Dict. communes, 1984
999    $a FRBNF119424416 $b 11942441

