01264cx  a2200289   4500
001 105278
003 http://catalogue.bnf.fr/ark:/12148/cb11954254b
005 20240515055248.0
033    $a http://catalogue.bnf.fr/ark:/12148/cb11954254b
035    $a FRBNF119542546
039    $o OPL $a 001820275
100    $a 19830920afrey50      ba0
106    $a 211
152    $b SNC $c 2
159    $a rameau
250    $7 ba0yba0y $8 fre    $9     $a Paléolithique
450    $7 ba0yba0y $8 fre    $9     $a Âge de la pierre taillée
550    $5 h $3 11954255 $7 ba0yba0y $8 fre    $9     $a Paléolithique inférieur
550    $5 h $3 11957887 $7 ba0yba0y $8 fre    $9     $a Paléolithique moyen
550    $5 h $3 11945597 $7 ba0yba0y $8 fre    $9     $a Paléolithique supérieur
550    $5 g $3 13318373 $7 ba0yba0y $8 fre    $9     $a Préhistoire
686    $a 930 $c Préhistoire et histoire ancienne $2 Note de regroupement par domaine
801    $a FR $b FR-751131015 $c 20080226
810    $a Dict. de la préhistoire / A. Leroi-Gourhan, 1994 $a Dict. de la préhistoire / Encycl. universalis, 1999 $a La préhistoire / D. Vialou, 2004
822 12 $a Paléolithique $2 RVMLaval $d 2008-02-26
822 1  $a Paleolithic period $2 LCSH $u http://id.loc.gov/authorities/subjects/sh85097106 $d 2017-02-09
999    $a FRBNF119542546 $b 11954254

