00878cx  a2200253   4500
001 105437
003 http://catalogue.bnf.fr/ark:/12148/cb14550683s
005 20240517042503.0
010    $a 0000000010836742 $2 VIAF $d 20130802
033    $a http://catalogue.bnf.fr/ark:/12148/cb14550683s
035    $a FRBNF145506836
100    $a 20040616afrey50      ba0
101    $a fre
102    $a FR
103    $a  197410             
105    $a a
106    $a 1  
120    $a b
200    $7 ba0yba0y $8 fre    $9  0  $a Maupomé $b Frédéric $f 1974-....
300 0  $a Auteur d'ouvrages pour la jeunesse
801    $a FR $b FR-751131015 $c 20120126
810    $a Pirateries / texte de Frédéric Maupomé, 2004 $a Les 3 mousquetaires / d'après le roman d'Alexandre Dumas ; texte adapté par Frédéric Maupomé ; illustré par Fabrice Turrier, DL 2011
999    $a FRBNF145506836 $b 14550683
152    $b NP

