01165cx  a2200289   4500
001 105608
003 http://catalogue.bnf.fr/ark:/12148/cb14217670s
005 20240515040104.0
010    $a 0000000083516344 $2 VIAF $d 20130801
033    $a http://catalogue.bnf.fr/ark:/12148/cb14217670s
035    $a FRBNF142176707
100    $a 20030310afrey50      ba0
102    $a AT
103    $a  19580317           
105    $a i
106    $a 1  
120    $a b
152    $c 2 $b NP
200    $7 ba0yba0y $8 fre    $9  0  $a Prinz $b Johannes $f 1958-....
300 0  $a Petit chanteur de Vienne, puis chef de choeur
510    $5 xxxz $0 Dirige :  $3 13907502 $7 ba0yba0y $8 fre    $9 20  $a Wiener Singverein
510    $5 xxxz $0 Dirige :  $3 13907490 $7 ba0yba0y $8 fre    $9 20  $a Wiener Kammerchor
801    $a FR $b FR-751131015 $c 20220304
810    $a Via crucis [Enregistrement sonore] / Franz Liszt, comp. ; Johannes Wenk, org. ; Wiener Kammerchor ;  Johannes Prinz, chef de choeur. Carus 83.144
810    $a Bibliothèque nationale, autorités, Allemagne -  https://d-nb.info/gnd/123919622 (2022-03-04)
856    $u  https://d-nb.info/gnd/123919622 $e 2022-03-04
999    $a FRBNF142176707 $b 14217670

