00958cx  a2200277   4500
001 105779
003 http://catalogue.bnf.fr/ark:/12148/cb161844702
005 20240518055147.0
010    $a 0000000121279141 $2 VIAF $d 20130807
033    $a http://catalogue.bnf.fr/ark:/12148/cb161844702
035    $a FRBNF161844709
100    $a 20100301afrey50      ba0
101    $a eng
102    $a AU
103    $a  1965               
105    $a a
106    $a 010
120    $a b
152    $c 2 $b NP
200    $7 ba0yba0y $8 fre    $9  0  $a Tsiolkas $b Christos $f 1965-....
300    $a Romancier, auteur dramatique, essayiste, scénariste
801    $a FR $b FR-751131015 $c 20200109
810    $a The slap / Christos Tsiolkas, 2008 $a Christos Tsiolkas : the utopian vision / Jessica Gildersleeve, 2017
810    $a National library of Australia - http://catalogue.nla.gov.au (2010-03-01)
856    $u http://catalogue.nla.gov.au $e 2010-03-01
999    $a FRBNF161844709 $b 16184470

