00766nx  a2200253   4500
001 105961
003 http://catalogue.bnf.fr/ark:/12148/cb16271651k
005 20240516021949.0
010    $a 0000000118899112 $2 VIAF $d 20130807
033    $a http://catalogue.bnf.fr/ark:/12148/cb16271651k
035    $a FRBNF16271651X
100    $a 20110309afrey50      ba0
101    $a fre
102    $a FR
103    $a  19..               
105    $a a
106    $a 1  
120    $a a
200    $7 ba0yba0y $8 fre    $9  0  $a Marchi $b Catherine
300 0  $a Psychologue clinicienne, psychothérapeute pour enfants
801    $a FR $b FR-751131015 $c 20110309
810    $a Le guide des plus beaux prénoms rétros / Catherine Marchi, DL 2011
999    $a FRBNF16271651X $b 16271651
152    $b NP

