00756cx  a2200241   4500
001 106136
003 http://catalogue.bnf.fr/ark:/12148/cb162567869
005 20240516022715.0
010    $a 000000011405098X $2 VIAF $d 20130807
033    $a http://catalogue.bnf.fr/ark:/12148/cb162567869
035    $a FRBNF162567866
100    $a 20110114afrey50      ba0
101    $a fre $t eng
102    $a FR
103    $a  19..               
105    $a a
106    $a 1  
120    $a b
200    $7 ba0yba0y $8 fre    $9  0  $a Champane $b Antony
801    $a FR $b FR-751131015 $c 20110117
810    $a L'art du game design : 100 objectifs pour mieux concevoir vos jeux / Jesse Schelle ; traduit par Antony Champane... impr. 2010
999    $a FRBNF162567866 $b 16256786
152    $b NP

