01245cx  a2200253   4500
001 106318
003 http://catalogue.bnf.fr/ark:/12148/cb16131025c
005 20240519043154.0
010    $a 0000000071650140 $2 VIAF $d 20130807
033    $a http://catalogue.bnf.fr/ark:/12148/cb16131025c
035    $a FRBNF16131025X
100    $a 20090904afrey50      ba0
101    $a fre $t fin $t swe
102    $a XX
103    $a  19..               
105    $a a
106    $a 1  
120    $a a
152    $c 2 $b NP
200    $7 ba0yba0y $8 fre    $9  0  $a Kuningas $b Johanna
300 0  $a Traductrice. - A enseigné le finnois, le suédois, la littérature et la culture finlandaises dans plusieurs universités. - Anime des ateliers de français langue étrangère. - Titulaire d'un doctorat en sciences du langage
801    $a FR $b FR-751131015 $c 20221018
810    $a Cut ! / Hanna Marjut Marttila ; traduit du finnois par Johanna Kuningas, impr. 2009 $a Maresi [Texte imprimé] : chroniques de l'abbaye écarlate / Maria Turtschaninoff ; traduit du suédois (Finlande) par Johanna Kuningas. - [Paris] : Rageot, DL 2017. $a Chambre 213 [Texte imprimé] / Ingelin Angerborn ; traduction de Johanna Kuningas. - [Paris] : Rageot, DL 2022.
999    $a FRBNF16131025X $b 16131025

