01256cx  a2200277   4500
001 106477
003 http://catalogue.bnf.fr/ark:/12148/cb15925719c
005 20240516024520.0
010    $a 0000000110719746 $2 VIAF $d 20130806
033    $a http://catalogue.bnf.fr/ark:/12148/cb15925719c
035    $a FRBNF159257195
100    $a 20090203afrey50      ba0
101    $a ger
102    $a DE
103    $a  19540526           
105    $a a
106    $a 1  
120    $a a
152    $c 2 $b NP
200    $7 ba0yba0y $8 fre    $9  0  $a Kohl $b Christiane $f 1954-....
300 0  $a Journaliste à la "Süddeutsche Zeitung", quotidien allemand (en 2008)
801    $a FR $b FR-751131015 $c 20180525
810    $a La maison des témoins : les coulisses des procès de Nuremberg / Christiane Kohl, DL 2008 $a Das Massaker von Sant'Anna di Stazzema : mit den Erinnerungen von Enio Mancini / Gabriele Heinecke, Christiane Kohl und Maren Westermann (Hrsg.) ; [Ubersetzung des italienischen Textes von Enio Mancini, Maren Westermann]. - Hamburg : Laika, cop. 2014
810    $a VIAF : Bibliothèque nationale d'Allemagne : Kohl, Christiane, 1954- - http://viaf.org/viaf/77052609 (2018-05-25)
856    $u http://viaf.org/viaf/77052609 $e 2018-05-25
999    $a FRBNF159257195 $b 15925719

