01372cx  a2200277   4500
001 106672
003 http://catalogue.bnf.fr/ark:/12148/cb16535734x
005 20240516025822.0
010    $a 0000000140742031 $2 VIAF $d 20130808
033    $a http://catalogue.bnf.fr/ark:/12148/cb16535734x
035    $a FRBNF165357346
100    $a 20110907afrey50      ba0
101    $a fre
102    $a XX
103    $a  19..               
105    $a a $a p
106    $a 1  
120    $a a
152    $c 2 $b NP
200    $7 ba0yba0y $8 fre    $9  0  $a Bredier $b Sophie
300 0  $a Réalisatrice et scénariste
801    $a FR $b FR-751131015 $c 20130905
810    $a Nos traces silencieuses [Images animées] / Sophie Bredier, Myriam Aziza, réal. ; Sophie Bredier, Bernadette et Jacques Bredier... [et al.], participants CNC, [2008]
810    $a UniFrance - http://www.unifrance.org/annuaires/personne/304011/sophie-bredier (2013-09-05) $a Linked in - http://fr.linkedin.com/pub/sophie-bredier/64/60b/795 (2013-09-05) $a Racines coréennes - http://www.racinescoreennes.org/dossiers/decryptages/sophie-bredier (2013-09-05)
856    $u http://www.unifrance.org/annuaires/personne/304011/sophie-bredier $e 2013-09-05 $u http://fr.linkedin.com/pub/sophie-bredier/64/60b/795 $e 2013-09-05 $u http://www.racinescoreennes.org/dossiers/decryptages/sophie-bredier/ $e 2013-09-05
999    $a FRBNF165357346 $b 16535734

