01121cx  a2200277   4500
001 106874
003 http://catalogue.bnf.fr/ark:/12148/cb16534346k
005 20240517055139.0
010    $a 0000000120256343 $2 VIAF $d 20131025
033    $a http://catalogue.bnf.fr/ark:/12148/cb16534346k
035    $a FRBNF165343460
100    $a 20110831afrey50      ba0
101    $a eng
102    $a GB
103    $a  1974               
105    $a a $a p
106    $a 010
120    $a b
152    $c 2 $b NP
200    $7 ba0yba0y $8 fre    $9  0  $a Banksy $f 1974-....
300    $a Artiste graffeur, peintre et réalisateur, connu pour ses pochoirs en milieu urbain
801    $a FR $b FR-751131015 $c 20111122
810    $a Faites le mur [Images animées] / Bansky, [i.e. Banksy] réal. ; Shepard Fairey, Thierry Guetta [et al.], participants. Francetélévisions distribution, [2011]
810    $a Banksy - http://www.banksy.co.uk (2011-11-14) $a IMDB : Banksy - http://www.imdb.com/name/nm2612991 (2011-11-14)
856    $u http://www.banksy.co.uk/ $e 2011-11-14 $u http://www.imdb.com/name/nm2612991/ $e 2011-11-14
999    $a FRBNF165343460 $b 16534346

