01281cx  a2200337   4500
001 107023
003 http://catalogue.bnf.fr/ark:/12148/cb16529168b
005 20240516032213.0
010    $a 0000000356290986 $2 VIAF $d 20130808
033    $a http://catalogue.bnf.fr/ark:/12148/cb16529168b
035    $a FRBNF165291686
100    $a 20110805afrey50      ba0
101    $a jpn
102    $a JP
103    $a  1961               
105    $a a
106    $a 1  
120    $a b
152    $c 2 $b NP
200    $7 ba0yba0f $8 fre    $9  0  $a Yamada $b Kazuaki $f 1961-....
300 0  $a Auteur-illustrateur d'ouvrages pour la jeunesse
400    $7 ba0yba0f $8 frejpn $9     $a Yamada Kazuaki $f 1961-....
400    $7 ba0yea0y $8 frejpn $9     $a 山田 和明 $f 1961-....
400    $7 ba0yba0y $8 fre    $9     $a Kazuaki Yamada $f 1961-....
700    $7 ba0yea0y $8 frejpn $9  0  $a 山田 $b 和明 $f 1961-....
801    $a FR $b FR-751131015 $c 20111102
810    $a Mon ballon rouge / Kazuaki Yamada, DL 2011
810    $a NDL Authority File, 2011 $a Kazuaki Yamada - Minedition - http://www.minedition.com/en/illustrator_detail.php?id=58 (2011-08-05)
810    $a BnF Service japonais, 2011-11-02
856    $u http://www.minedition.com/en/illustrator_detail.php?id=58 $e 2011-08-05
999    $a FRBNF165291686 $b 16529168

