01147cx  a2200301   4500
001 107180
003 http://catalogue.bnf.fr/ark:/12148/cb136010403
005 20240519070734.0
010    $a 0000000062177355 $2 ISNI $d 20210127
010    $y 0000000010093766 $2 VIAF $d 20130731
033    $a http://catalogue.bnf.fr/ark:/12148/cb136010403
035    $a FRBNF136010403
039    $o OPL $a 015265104
100    $a 20010108afrey50      ba0
101    $a fre
102    $a FR
103    $a  19..               
105    $a a
106    $a 1  
120    $a b
200    $7 ba0yba0y $8 fre    $9  0  $a Métivier $b Francis $f 19..-....
300 0  $a Professeur de philosophie au lycée Duplessis-Mornay de Saumur et chargé de cours à l'Université de Tours (en 1999). - Docteur en philosophie (Paris 4, 1998)
801    $a FR $b FR-751131015 $c 20210118
810    $a L'esprit du vin : la philosophie du Chinon / Francis Métivier, 1999 $a Zapping philo / Francis Métivier, impr. 2013
810    $a Theses.fr - http://www.theses.fr/1998PA040132 (2020-08-06)
856    $u http://www.theses.fr/1998PA040132 $e 2020-08-06
999    $a FRBNF136010403 $b 13601040
152    $b NP

