00866nx  a2200277   4500
001 107328
003 http://catalogue.bnf.fr/ark:/12148/cb16551772x
005 20240519050425.0
010    $a 0000000359168652 $2 ISNI $d 20131217
033    $a http://catalogue.bnf.fr/ark:/12148/cb16551772x
035    $a FRBNF165517726
100    $a 20111122afrey50      ba0
101    $a fre
102    $a FR
103    $a  1988               
105    $a a
106    $a 1  
120    $a b
200    $7 ba0yba0y $8 fre    $9  0  $a Sécher $b Valentin $f 1988-....
300 0  $a Dessinateur de bandes dessinées
801    $a FR $b FR-751131015 $c 20111122
810    $a Khaal / scénario, Louis ; dessin & couleurs, Valentin Sécher, 2011-
810    $a Soleil - http://soleilprod.com (2011-11-22)
856    $u http://soleilprod.com/ $e 2011-11-22
999    $a FRBNF165517726 $b 16551772
152    $b NP

