00809cx  a2200253   4500
001 107495
003 http://catalogue.bnf.fr/ark:/12148/cb15993246v
005 20240517021445.0
010    $a 0000000078512357 $2 VIAF $d 20130806
033    $a http://catalogue.bnf.fr/ark:/12148/cb15993246v
035    $a FRBNF159932461
100    $a 20090403afrey50      ba0
101    $a fre
102    $a HT
103    $a  1978               
105    $a a
106    $a 1  
120    $a b
152    $c 2 $b NP
200    $7 ba0yba0y $8 fre    $9  0  $a Noël $b James $f 1978-....
300 0  $a Poète et romancier
801    $a FR $b FR-751131015 $c 20171002
810    $a Quelques poèmes et des poussières / James Noël, 2009 $a Belle merveille [Texte imprimé] : roman / James Noël. - Paris : Zulma, DL 2017.
999    $a FRBNF159932461 $b 15993246

