01173cx  a2200325   4500
001 107656
003 http://catalogue.bnf.fr/ark:/12148/cb14049992p
005 20240517043229.0
010    $a 0000000121417444 $2 VIAF $d 20130801
033    $a http://catalogue.bnf.fr/ark:/12148/cb14049992p
035    $a FRBNF140499925
100    $a 20020304afrey50      ba0
101    $a spa
102    $a MX
103    $a  19630815           
105    $a a
106    $a 010
120    $a b
152    $c 2 $b NP
200    $7 ba0yba0y $8 fre    $9  0  $a González Iñárritu $b Alejandro $f 1963-....
300    $a Cinéaste
400    $7 ba0yba0y $8 fre    $9     $a Iñárritu $b Alejandro González $f 1963-....
530    $5 z $0 Réalisateur de :  $3 15124201 $a Babel (film)
530    $5 z $0 Réalisateur de :  $3 14527264 $a Amores perros (film)
686    $a 791 $c Audiovisuel $2 Note de regroupement par domaine
801    $a FR $b FR-751131015 $c 20120105
810    $a Alejandro González Iñárritu / Celestino Deleyto and María del Mar Azcona, 2010
810    $a IMDB, Internet movie database - http://www.imdb.com (2004-02-24)
856    $u http://www.imdb.com/ $e 2004-02-24
999    $a FRBNF140499925 $b 14049992

