01723cx  a2200385   4500
001 107815
003 http://catalogue.bnf.fr/ark:/12148/cb15126775q
005 20240517024021.0
033    $a http://catalogue.bnf.fr/ark:/12148/cb15126775q
035    $a FRBNF151267757
100    $a 20070110afrey50      ba0
106    $a 211
152    $b SNC $c 2
159    $a rameau
250    $7 ba0yba0y $8 fre    $9     $a Scénographie d'exposition
450    $7 ba0yba0y $8 fre    $9     $a Aménagement des salles d'expositions
450    $7 ba0yba0y $8 fre    $9     $a Expographie
450    $7 ba0yba0y $8 fre    $9     $a Expositions $x Design
450    $7 ba0yba0y $8 fre    $9     $a Expositions $x Mise en scène
450    $7 ba0yba0y $8 fre    $9     $a Mise en exposition
450    $7 ba0yba0y $8 fre    $9     $a Mise en place (muséologie)
450    $7 ba0yba0y $8 fre    $9     $a Mise en scène des objets d'exposition
450    $7 ba0yba0y $8 fre    $9     $a Mise en scène des objets exposés
450    $7 ba0yba0y $8 fre    $9     $a Objets exposés $x Mise en scène
550    $5 z $0 Voir aussi $3 17104104 $7 ba0yba0y $8 fre    $9     $a Designers d'expositions
550    $5 z $0 Voir aussi $3 15916158 $7 ba0yba0y $8 fre    $9     $a Expositions
550    $5 z $0 Voir aussi $3 11971177 $7 ba0yba0y $8 fre    $9     $a Expositions $x Appareils et matériel
550    $5 g $3 11932553 $7 ba0yba0y $8 fre    $9     $a Muséologie
686    $a 000 $c Généralités $2 Note de regroupement par domaine
686    $a 720 $c Architecture $2 Note de regroupement par domaine
801    $a FR $b FR-751131015 $c 20201207
810    $a La muséologie / A. Gob, N. Drouguet, 2003 $a Lettre de l'OCIM, 2004, 96
822 12 $a Expographie $2 RVMLaval $d 2020-12-07
822 11 $2 LCSH $d 2020-12-074
999    $a FRBNF151267757 $b 15126775

