00887cx  a2200253   4500
001 107939
003 http://catalogue.bnf.fr/ark:/12148/cb15621045h
005 20240508034728.0
010    $a 0000000071446844 $2 VIAF $d 20130806
033    $a http://catalogue.bnf.fr/ark:/12148/cb15621045h
035    $a FRBNF156210450
100    $a 20080411afrey50      ba0
101    $a ita
102    $a IT
103    $a  1963               
105    $a a
106    $a 1  
120    $a a
152    $c 2 $b NP
200    $7 ba0yba0y $8 fre    $9  0  $a Romagnoli $b Federica $f 1963-....
300 0  $a Études en langues orientales
801    $a FR $b FR-751131015 $c 20081205
810    $a Chine : l'empire du milieu / [textes de Marco Moretti, Federica Romagnoli, Gianni Guadalupi], DL 2005 $a Merveilles du monde / [texte d'Alberto Bertolazzi, Giorgio Ferrero, Federica Romagnoli], DL 2008
999    $a FRBNF156210450 $b 15621045

