00846nx  a2200253   4500
001 108099
003 http://catalogue.bnf.fr/ark:/12148/cb16546124d
005 20240507040857.0
010    $a 0000000357238119 $2 ISNI $d 20150313
033    $a http://catalogue.bnf.fr/ark:/12148/cb16546124d
035    $a FRBNF165461245
100    $a 20111026afrey50      ba0
101    $a fre
102    $a FR
103    $a  19..               
105    $a a
106    $a 1  
120    $a b
200    $7 ba0yba0y $8 fre    $9  0  $a Meziti $b Kamel
300 0  $a Enseignant-chercheur et conférencier. - Secrétaire général du Groupe de recherches islamo-chrétien (en 2011)
801    $a FR $b FR-751131015 $c 20111026
810    $a Les fêtes de Dieu, Yahweh, Allah / Philippe Haddad, Nicolas Senèze, Kamel Meziti, impr. 2011
999    $a FRBNF165461245 $b 16546124
152    $b NP

