00778cx  a2200253   4500
001 108275
003 http://catalogue.bnf.fr/ark:/12148/cb160523606
005 20240517054453.0
010    $a 0000000062918598 $2 VIAF $d 20130807
033    $a http://catalogue.bnf.fr/ark:/12148/cb160523606
035    $a FRBNF160523604
100    $a 20090611afrey50      ba0
101    $a fre
102    $a FR
103    $a  1969               
105    $a a
106    $a 1  
120    $a a
200    $7 ba0yba0y $8 fre    $9  0  $a Lebert $b Karine $f 1969-....
300 0  $a Romancière
801    $a FR $b FR-751131015 $c 20200611
810    $a Nina et ses soeurs / Karine Lebert, impr. 2009 $a Les amants de l'été 44 / Karine Lebert. - Paris : Pocket, DL 2020.
999    $a FRBNF160523604 $b 16052360
152    $b NP

