00845nx  a2200265   4500
001 108431
003 http://catalogue.bnf.fr/ark:/12148/cb136198157
005 20240517032225.0
010    $a 0000000110379446 $2 VIAF $d 20130731
033    $a http://catalogue.bnf.fr/ark:/12148/cb136198157
035    $a FRBNF136198154
039    $o OPL $a 015518746
100    $a 20010612afrey50      ba0
101    $a eng
102    $a GB
105    $a a
106    $a 1  
152    $c 2 $b NP
200    $7 ba0yba0y $8 fre    $9  0  $a McKenzie $b Eleanor
400    $7 ba0yba0y $8 fre    $9     $a Mc Kenzie $b Eleanor
400    $7 ba0yba0y $8 fre    $9     $a Mackenzie $b Eleanor
400    $7 ba0yba0y $8 fre    $9     $a Mac Kenzie $b Eleanor
801    $a FR $b FR-751131015 $c 20010612
810    $a Gymnastique du bien-être / Trevor Blount, Eleanor McKenzie, 2001
999    $a FRBNF136198154 $b 13619815

