00807cx  a2200265   4500
001 108564
003 http://catalogue.bnf.fr/ark:/12148/cb12875391f
005 20240517033217.0
010    $a 0000000053359392 $2 VIAF $d 20130730
033    $a http://catalogue.bnf.fr/ark:/12148/cb12875391f
035    $a FRBNF128753916
039    $o OPL $a 007103736
100    $a 19910614afrey50      ba0
101    $a fre
102    $a FR
103    $a  19..               
105    $a a
106    $a 1  
120    $a a
200    $7 ba0yba0y $8 fre    $9  0  $a Kertanguy $b Inès de
300 0  $a Romancière et historienne
801    $a FR $b FR-751131015 $c 20101021
810    $a Secrets de cour : Madame Campan au service de Marie-Antoinette et de Napoléon / Inès de Kertanguy, 1999
999    $a FRBNF128753916 $b 12875391
152    $b NP

