00696cx  a2200253   4500
001 108732
003 http://catalogue.bnf.fr/ark:/12148/cb162374629
005 20240517034242.0
010    $a 0000000092406796 $2 VIAF $d 20130807
033    $a http://catalogue.bnf.fr/ark:/12148/cb162374629
035    $a FRBNF162374625
100    $a 20101018afrey50      ba0
101    $a fre
102    $a FR
103    $a  19..               
105    $a a
106    $a 1  
120    $a a
200    $7 ba0yba0y $8 fre    $9  0  $a Fiori $b Débora
300 0  $a Journaliste
801    $a FR $b FR-751131015 $c 20101019
810    $a Les métiers de l'audit / Débora Fiori, 2010
999    $a FRBNF162374625 $b 16237462
152    $b NP

