01144cx  a2200277   4500
001 108895
003 http://catalogue.bnf.fr/ark:/12148/cb16189672h
005 20240517035824.0
010    $a 000000012096928X $2 VIAF $d 20130807
033    $a http://catalogue.bnf.fr/ark:/12148/cb16189672h
035    $a FRBNF161896727
100    $a 20100318afrey50      ba0
102    $a AR
103    $a  19660818  20230302 
105    $a i
106    $a 1  
120    $a a
152    $c 2 $b NP
200    $7 ba0yba0y $8 fre    $9  0  $a Onetto $b María $f 1966-2023
300 0  $a Actrice
400    $7 ba0yba0y $8 fre    $9     $a Oneto $b María
801    $a FR $b FR-751131015 $c 20230325
810    $a La femme sans tête [Images animées] / Lucrecia Martel, réal. ; María Onetto, Claudia Cantero, Inés Eferón... [et al.], act. ARTE France développement, [2010] $a El otro [Images animées] / Ariel Rotter, réal., scénario ; Julio Chávez, Osvaldo Bonet, Maria Oneto... [et al.], act. Tamasa distribution, 2007
810    $a IMDb - https://www.imdb.com/name/nm1404505 (2023-03-25)
856    $u https://www.imdb.com/name/nm1404505/ $e 2023-03-25
999    $a FRBNF161896727 $b 16189672

