00903cx  a2200265   4500
001 109074
003 http://catalogue.bnf.fr/ark:/12148/cb119038254
005 20240519073857.0
010    $a 0000000114920930 $2 VIAF $d 20130724
033    $a http://catalogue.bnf.fr/ark:/12148/cb119038254
035    $a FRBNF119038254
039    $o OPL $a 000791707
100    $a 19780322afrey50      ba0
101    $a fre
102    $a FR
103    $a  19431009           
105    $a a $a p
106    $a 1  
120    $a b
200    $7 ba0yba0y $8 fre    $9  0  $a Gadrey $b Jean $f 1943-....
300 0  $a Économiste. - Professeur à l'Université des sciences et technologies de Lille (en 1992)
801    $a FR $b FR-751131015 $c 20220614
810    $a Éléments d'enseignement de la gymnastique sportive masculine / Jean Gadrey, [1970] $a L'économie des services / Jean Gadrey, 1992
999    $a FRBNF119038254 $b 11903825
152    $b NP

