00814nx  a2200253   4500
001 109210
003 http://catalogue.bnf.fr/ark:/12148/cb16570861q
005 20240518021840.0
010    $a 0000000367593667 $2 VIAF $d 20130808
033    $a http://catalogue.bnf.fr/ark:/12148/cb16570861q
035    $a FRBNF165708610
100    $a 20120206afrey50      ba0
101    $a fre
102    $a FR
103    $a  19..               
105    $a a
106    $a 1  
120    $a b
200    $7 ba0yba0y $8 fre    $9  0  $a Chupin $b Christian
300 0  $a Juriste. - Directeur générale de la Chambre de commerce et d'industrie territoriale d'Elbeuf (en 2011)
801    $a FR $b FR-751131015 $c 20120206
810    $a Les chambres de commerce et d'industrie / Christian Chupin, DL 2011
999    $a FRBNF165708610 $b 16570861
152    $b NP

