00714nx  a2200241   4500
001 109352
003 http://catalogue.bnf.fr/ark:/12148/cb166068805
005 20240518023425.0
010    $a 0000000378788929 $2 ISNI $d 20131217
033    $a http://catalogue.bnf.fr/ark:/12148/cb166068805
035    $a FRBNF166068800
100    $a 20120622afrey50      ba0
101    $a fre
102    $a JP
103    $a  19..               
105    $a a
106    $a 1  
120    $a a
152    $c 2 $b NP
200    $7 ba0yba0y $8 fre    $9  0  $a Nakamura $b Eriko
801    $a FR $b FR-751131015 $c 20120622
810    $a Nââândé !? : les tribulations d'une Japonaise à Paris / Eriko Nakamura, impr. 2012
999    $a FRBNF166068800 $b 16606880

