00906nx  a2200277   4500
001 109503
003 http://catalogue.bnf.fr/ark:/12148/cb16585088z
005 20240518024320.0
010    $a 0000000022551453 $2 VIAF $d 20130808
033    $a http://catalogue.bnf.fr/ark:/12148/cb16585088z
035    $a FRBNF165850887
100    $a 20120326afrey50      ba0
101    $a fre
102    $a FR
103    $a  19..               
105    $a a
106    $a 1  
120    $a a
200    $7 ba0yba0y $8 fre    $9  0  $a Sharp $b Adrienne
300 0  $a Ancienne danseuse. - Romancière
801    $a FR $b FR-751131015 $c 20120326
810    $a Une étoile pour le tsar : roman / Adrienne Sharp ; traduit de l'américain par Sophie Dalle, impr. 2012
810    $a LC authorities - http://authorities.loc.gov (2012-03-26)
856    $u http://authorities.loc.gov/ $e 2012-03-26
999    $a FRBNF165850887 $b 16585088
152    $b NP

