01461cx  a2200289   4500
001 109644
003 http://catalogue.bnf.fr/ark:/12148/cb16233475p
005 20240518025326.0
010    $a 0000000095794253 $2 ISNI $d 20131217
033    $a http://catalogue.bnf.fr/ark:/12148/cb16233475p
035    $a FRBNF162334755
100    $a 20101001afrey50      ba0
102    $a FR
103    $a  19830527           
105    $a i
106    $a 1  
120    $a b
200    $7 ba0yba0y $8 fre    $9  0  $a Lucenzo $f 1983-....
300 0  $a Nom d'artiste de Philippe de Oliveira. - Chanteur de kuduro franco-portugais
500    $5 z $0 Voir aussi $3 16734317 $7 ba0yba0y $8 fre    $9  0  $a De Oliveira $b Philippe $f 1983-....
801    $a FR $b FR-751131015 $c 20230925
810    $a Festa latina [Enregistrement sonore] : la sélection radio Latina / sélection des titres par Mario, programmateur de Radio Latina ; la Harissa, groupe voc. et instr. ; Lucenzo, Jetuga, chant… [et al.]. Wagram 3216572 $a Bring me coconut [Musique imprimée] / paroles, Ali Fitzgerald dit Big Ali, Morgan Roy dit Gramps Morgan & Philippe de Oliveira dit Lucenzo ; musique, Christophe Battery dit Teetof & Ousseynou Camara ; interprété par Big Ali, 2012
810    $a Wikipédia - http://fr.wikipedia.org/wiki/Lucenzo#Singles (2011-03-09)
856    $u http://www.lucenzo.fr/ $e 2023-09-25
856    $u http://fr.wikipedia.org/wiki/Lucenzo#Singles $e 2011-03-09
999    $a FRBNF162334755 $b 16233475
152    $b NP

