00913cx  a2200277   4500
001 109826
003 http://catalogue.bnf.fr/ark:/12148/cb137726789
005 20240517053127.0
010    $a 0000000381929091 $2 VIAF $d 20130731
033    $a http://catalogue.bnf.fr/ark:/12148/cb137726789
035    $a FRBNF137726786
039    $o OPL $a 015879974
100    $a 20020122afrey50      ba0
101    $a fre
102    $a FR
103    $a  19620919           
105    $a a $a p
106    $a 010
120    $a b
200    $7 ba0yba0y $8 fre    $9  0  $a Marx $b Thierry $f 1962-....
300    $a Formation au sein de restaurants prestigieux tels Ledoyen, Taillevent, Jamin etc.... - Chef reconnu par les guides gastronomiques
801    $a FR $b FR-751131015 $c 20111006
810    $a Le Médoc, vins et recettes / recettes de Thierry Marx, 2001
810    $a Libération, 2005-09-14
999    $a FRBNF137726786 $b 13772678
152    $b NP

