01143cx  a2200301   4500
001 109971
003 http://catalogue.bnf.fr/ark:/12148/cb15592084x
005 20240518032630.0
010    $a 0000000110327312 $2 VIAF $d 20130806
033    $a http://catalogue.bnf.fr/ark:/12148/cb15592084x
035    $a FRBNF155920846
100    $a 20071228afrey50      ba0
101    $a eng
102    $a US
103    $a  18911122  19950309 
105    $a a
106    $a 010
120    $a b
152    $c 2 $b NP
200    $7 ba0yba0y $8 fre    $9  0  $a Bernays $b Edward L. $f 1891-1995
300    $a Publicitaire
301    $a Vienne (Autriche) $b Cambridge (Massachusetts, États-Unis)
400    $7 ba0yba0y $8 fre    $9     $a Bernays $b Edward
801    $a FR $b FR-751131015 $c 20230926
810    $a Propaganda / Edward Bernays, DL 2007 $a Edward Bernays, l'homme qui murmurait à l'oreille des foules / Yann Caspar ; préface de Claude Cholet, 2023
810    $a Who's Who in the East, 1957 $a LC Authorities : Bernays, Edward L., 1891-1995 - https://lccn.loc.gov/n79056585 (2020-10-06)
856    $u https://lccn.loc.gov/n79056585 $e 2020-10-06
999    $a FRBNF155920846 $b 15592084

