01076cx  a2200301   4500
001 110107
003 http://catalogue.bnf.fr/ark:/12148/cb16624269x
005 20240518032831.0
010    $a 0000000079728037 $2 VIAF $d 20130808
033    $a http://catalogue.bnf.fr/ark:/12148/cb16624269x
035    $a FRBNF166242699
100    $a 20120910afrey50      ba0
101    $a spa
102    $a ES
103    $a  1971               
105    $a a
106    $a 1  
120    $a b
152    $c 2 $b NP
200    $7 ba0yba0y $8 fre    $9  0  $a León $b Gregorio $f 1971-....
300 0  $a Journaliste et écrivain
400    $7 ba0yba0y $8 fre    $9     $a León Armero $b Gregorio Francisco $f 1971-....
400    $7 ba0yba0y $8 fre    $9     $a Armero $b Gregorio Francisco León $f 1971-....
801    $a FR $b FR-751131015 $c 20181129
810    $a L'ultime secret de Frida K. / Gregorio León ; traduit de l'espagnol par Catalina Salazar, impr. 2012 $a La princesa de Macao / Gregorio León, 2018
810    $a BNE - www.bne.es (2018-11-21)
856    $u www.bne.es $e 2018-11-21
999    $a FRBNF166242699 $b 16624269

