00713cx  a2200253   4500
001 110250
003 http://catalogue.bnf.fr/ark:/12148/cb14101879m
005 20240519032419.0
010    $a 0000000069429105 $2 VIAF $d 20130801
033    $a http://catalogue.bnf.fr/ark:/12148/cb14101879m
035    $a FRBNF14101879X
100    $a 20030310afrey50      ba0
101    $a fre
102    $a FR
103    $a  1949               
105    $a a
106    $a 1  
120    $a b
200    $7 ba0yba0y $8 fre    $9  0  $a Godinot $b Étienne $f 1949-....
300 0  $a Juriste retraité
801    $a FR $b FR-751131015 $c 20120827
810    $a Écrire ma vie / Étienne Godinot, DL 2009
999    $a FRBNF14101879X $b 14101879
152    $b NP

