00784nx  a2200253   4500
001 110403
003 http://catalogue.bnf.fr/ark:/12148/cb16199768r
005 20240506035140.0
010    $a 0000000079564861 $2 VIAF $d 20130807
033    $a http://catalogue.bnf.fr/ark:/12148/cb16199768r
035    $a FRBNF161997683
100    $a 20100504afrey50      ba0
101    $a fre
102    $a FR
103    $a  19620727           
105    $a a
106    $a 1  
120    $a a
200    $7 ba0yba0y $8 fre    $9  0  $a Charles $b Marie-Noëlle $f 1962-....
300 0  $a Journaliste. - Travaille dans le domaine du vin
801    $a FR $b FR-751131015 $c 20100504
810    $a Et soudain : histoires vraies en Aquitaine / Marie-Noëlle Charles, impr. 2010
999    $a FRBNF161997683 $b 16199768
152    $b NP

