00951nx  a2200277   4500
001 110541
003 http://catalogue.bnf.fr/ark:/12148/cb16584490c
005 20240518043240.0
010    $a 0000000367681210 $2 VIAF $d 20130808
033    $a http://catalogue.bnf.fr/ark:/12148/cb16584490c
035    $a FRBNF165844902
100    $a 20120323afrey50      ba0
101    $a eng
102    $a BE
103    $a  1981               
105    $a a
106    $a 1  
120    $a b
152    $c 2 $b NP
200    $7 ba0yba0y $8 fre    $9  0  $a Donck $b Matthieu $f 1981-....
300 0  $a Scénariste de bandes dessinées
801    $a FR $b FR-751131015 $c 20120323
810    $a Shrimp / scénario, Matthieu Donck & Benjamin d'Aoust ; dessin et couleur, Mathieu Burniat, DL 2012
810    $a Dargaud - http://www.dargaud.com/auteurs-bd/donck,750.html (2012-03-23)
856    $u http://www.dargaud.com/auteurs-bd/donck,750.html $e 2012-03-23
999    $a FRBNF165844902 $b 16584490

