01054cx  a2200289   4500
001 110686
003 http://catalogue.bnf.fr/ark:/12148/cb11891394s
005 20240519075335.0
010    $a 0000000121192046 $2 VIAF $d 20130724
033    $a http://catalogue.bnf.fr/ark:/12148/cb11891394s
035    $a FRBNF118913945
039    $o OPL $a 000466966
100    $a 19741209afrey50      ba0
101    $a fre
102    $a FR
103    $a  19461128           
105    $a a $a p
106    $a 1  
120    $a b
200    $7 ba0yba0y $8 fre    $9  0  $a Berger $b Maurice $f 1946-....
300 0  $a Docteur en médecine (Lyon 1, 1972). - Psychanalyste et médecin psychiatre, chef de service en psychiatrie de l'enfant et de l'adolescent, CHU de Saint-Etienne, Loire (en 1995)
801    $a FR $b FR-751131015 $c 20151106
810    $a Pratique des entretiens familiaux / Maurice Berger, 1987 $a Le travail thérapeutique avec la famille / Maurice Berger, 1995
810    $a Rosenwald, 1991
815    $a WW, France 1988-1989
999    $a FRBNF118913945 $b 11891394
152    $b NP

