00749cx  a2200253   4500
001 110838
003 http://catalogue.bnf.fr/ark:/12148/cb15653940c
005 20240519060847.0
010    $a 0000000071444451 $2 VIAF $d 20130806
033    $a http://catalogue.bnf.fr/ark:/12148/cb15653940c
035    $a FRBNF156539403
100    $a 20080519afrey50      ba0
101    $a fre $t ger
102    $a FR
103    $a  19..               
105    $a a
106    $a 1  
120    $a b
200    $7 ba0yba0y $8 fre    $9  0  $a Falcoz $b Joël
300 0  $a Traducteur
801    $a FR $b FR-751131015 $c 20190528
810    $a Ma vie dans deux valises / Veronika Peters ; traduit de l'allemand par Joël Falcoz, impr. 2008
999    $a FRBNF156539403 $b 15653940
152    $b NP

