00893cx  a2200289   4500
001 111015
003 http://catalogue.bnf.fr/ark:/12148/cb161814036
005 20240506043254.0
010    $a 0000000118730237 $2 VIAF $d 20130807
033    $a http://catalogue.bnf.fr/ark:/12148/cb161814036
035    $a FRBNF161814032
100    $a 20100218afrey50      ba0
101    $a swe
102    $a SE
103    $a  1973               
105    $a a
106    $a 1  
120    $a a
152    $c 2 $b NP
200    $7 ba0yba0y $8 fre    $9  0  $a Jörgensdotter $b Anna $f 1973-....
300 0  $a Romancière et poétesse
801    $a FR $b FR-751131015 $c 20100219
810    $a Homecomingqueen : dikter / Anna Jörgensdotter, 2004
810    $a LIBRIS - http://libris.kb.se (2010-02-18)
810    $a BnF Service scandinave, 2010-02-18
856    $u http://libris.kb.se $e 2010-02-18
999    $a FRBNF161814032 $b 16181403

