00869cx  a2200265   4500
001 111154
003 http://catalogue.bnf.fr/ark:/12148/cb13164468p
005 20240506043419.0
010    $a 000000000026754X $2 ISNI $d 20150312
033    $a http://catalogue.bnf.fr/ark:/12148/cb13164468p
035    $a FRBNF131644688
039    $o OPL $a 013204743
100    $a 19970421afrey50      ba0
101    $a fre
102    $a FR
103    $a  19680807           
105    $a a
106    $a 1  
120    $a b
200    $7 ba0yba0y $8 fre    $9  0  $a Durand $b Vincent $f 1968-.... $c dramaturge
300 0  $a Dramaturge. - Membre d'une troupe de théâtre amateur
801    $a FR $b FR-751131015 $c 20110208
810    $a J'peux vous dépanner ? / Vincent Durand, impr. 2009 $a Et masseur ? : comédie en deux actes / Vincent Durand, impr. 2011
999    $a FRBNF131644688 $b 13164468
152    $b NP

