01086cx  a2200289   4500
001 111301
003 http://catalogue.bnf.fr/ark:/12148/cb16256540f
005 20240506044327.0
010    $a 0000000112663774 $2 ISNI $d 20150313
033    $a http://catalogue.bnf.fr/ark:/12148/cb16256540f
035    $a FRBNF162565406
100    $a 20110113afrey50      ba0
102    $a FR
103    $a  19760606           
105    $a i
106    $a 1  
120    $a b
200    $7 ba0yba0y $8 fre    $9  0  $a Lacroix $b Hervé $f 1976-....
300 0  $a Acteur, spécialisé en doublage et "voix-off"
801    $a FR $b FR-751131015 $c 20210920
810    $a C'est une chose étrange à la fin que le monde [Enregistrement sonore] / Jean d'Ormesson, aut. ; lu par Hervé Lacroix. Audiolib 25 0299 5
810    $a http://www.hervelacroix.com (2018-04-05)
810    $a https://fr.wikipedia.org/wiki/Herv%C3%A9_Lacroix (2018-04-05)
856    $u http://www.hervelacroix.com/ $e 2018-04-05
856    $u https://fr.wikipedia.org/wiki/Herv%C3%A9_Lacroix $e 2018-04-05
999    $a FRBNF162565406 $b 16256540
152    $b NP

