00910cx  a2200253   4500
001 111444
003 http://catalogue.bnf.fr/ark:/12148/cb161510729
005 20240519041911.0
010    $a 0000000114724577 $2 VIAF $d 20130807
033    $a http://catalogue.bnf.fr/ark:/12148/cb161510729
035    $a FRBNF161510727
100    $a 20091027afrey50      ba0
101    $a eng
102    $a US
103    $a  1975               
105    $a a
106    $a 1  
120    $a b
152    $c 2 $b NP
200    $7 ba0yba0y $8 fre    $9  0  $a Sanderson $b Brandon $f 1975-....
300 0  $a Auteur de llittérature de fantasy
801    $a FR $b FR-751131015 $c 20210218
810    $a Elantris / Brandon Sanderson, impr. 2009 $a Légion : les nombreuses vies de Stephen Leeds / Brandon Sanderson ; traduit de l'anglais (États-Unis) par Mélanie Fazi. - Paris : le Livre de poche, DL 2020. - [Texte noté]
999    $a FRBNF161510727 $b 16151072

