00731nx  a2200241   4500
001 111615
003 http://catalogue.bnf.fr/ark:/12148/cb13597167j
005 20240506050337.0
010    $a 0000000001363023 $2 VIAF $d 20130731
033    $a http://catalogue.bnf.fr/ark:/12148/cb13597167j
035    $a FRBNF13597167X
039    $o OPL $a 015063444
100    $a 20000804afrey50      ba0
101    $a fre
102    $a FR
105    $a a
106    $a 1  
200    $7 ba0yba0y $8 fre    $9  0  $a Latronche $b Bérangère
300 0  $a Journaliste. - Spécialiste des questions de formation
801    $a FR $b FR-751131015 $c 20000804
810    $a Les métiers du cinéma / Bérangère Latronche, 2000
999    $a FRBNF13597167X $b 13597167
152    $b NP

