01301cx  a2200277   4500
001 111765
003 http://catalogue.bnf.fr/ark:/12148/cb13992154p
005 20240518055038.0
010    $a 0000000115588319 $2 VIAF $d 20130731
033    $a http://catalogue.bnf.fr/ark:/12148/cb13992154p
035    $a FRBNF13992154X
100    $a 19960802afrey50      ba0
102    $a GB
103    $a  19660228           
105    $a a $a i
106    $a 1  
120    $a b
152    $c 2 $b NP
200    $7 ba0yba0y $8 fre    $9  0  $a Shearmur $b Edward $f 1966-....
300 0  $a Compositeur, arrangeur, pianiste et chef d'orchestre
400    $7 ba0yba0y $8 fre    $9     $a Shearmur $b Ed $f 1966-....
801    $a FR $b FR-751131015 $c 20211012
810    $a Sky captain and the world tomorrow  [Enregistrement sonore] / music composed and conducted by Edward Shearmur. Sony classical SK 92932 $a Le cavalier du diable [Images animées] / Ernest Dickerson, réal. ; Ed Shearmur, comp... [et al.]. CIC vidéo, [1996]
810    $a IMDB - https://www.imdb.com/name/nm0790481 (2010-10-18) (2021-10-12) $a Wikipedia - https://en.wikipedia.org/wiki/Edward_Shearmur (2021-10-12)
856    $u https://www.imdb.com/name/nm0790481/ $e 2010-10-18 $e 2021-10-12 $u https://en.wikipedia.org/wiki/Edward_Shearmur $e 2021-10-12
999    $a FRBNF13992154X $b 13992154

