00829cx  a2200277   4500
001 111928
003 http://catalogue.bnf.fr/ark:/12148/cb12104228h
005 20240516034605.0
010    $a 0000000032795208 $2 VIAF $d 20130725
033    $a http://catalogue.bnf.fr/ark:/12148/cb12104228h
035    $a FRBNF121042288
039    $o OPL $a 004437613
039    $o OPP $a 13224085 $d 20090704
100    $a 19890220afrey50      ba0
101    $a fre $t lat
102    $a FR
103    $a  19..               
105    $a a
106    $a 1  
120    $a b
200    $7 ba0yba0y $8 fre    $9  0  $a Sers $b Olivier
300 0  $a Avocat à la Cour d'appel de Paris (en 1988)
801    $a FR $b FR-751131015 $c 20090704
810    $a Les 1000 questions à l'avocat / M. Fell, O. Sers, L. Zeidenberg, 1988
999    $a FRBNF121042288 $b 12104228
152    $b NP

