01063cx  a2200289   4500
001 112059
003 http://catalogue.bnf.fr/ark:/12148/cb15529628b
005 20240506052535.0
010    $a 0000000078474397 $2 VIAF $d 20130806
033    $a http://catalogue.bnf.fr/ark:/12148/cb15529628b
035    $a FRBNF155296286
100    $a 20070504afrey50      ba0
101    $a fre
102    $a FR
103    $a  19761101           
105    $a a
106    $a 1  
120    $a a
200    $7 ba0yba0y $8 fre    $9  0  $a Camprubí $b Krystal $f 1976-....
300 0  $a Peintre et illustratrice
400    $5 e $7 ba0yba0y $8 fre    $9     $a Krystal $f 1976-....
801    $a FR $b FR-751131015 $c 20140305
810    $a L'univers de Krystal Camprubí / Krystal Camprubí, DL 2006 $a Oghams : les portes d'or / Krystal, impr. 2013
810    $a Le Fantastique.net - http://www.lefantastique.net/peinture/imaginaire/krystal/krystal.htm (2007-05-07)
856    $u http://www.lefantastique.net/peinture/imaginaire/krystal/krystal.htm $e 2007-05-07
999    $a FRBNF155296286 $b 15529628
152    $b NP

