01276cx  a2200337   4500
001 112227
003 http://catalogue.bnf.fr/ark:/12148/cb11888332q
005 20240517051027.0
010    $a 0000000117709487 $2 VIAF $d 20130724
033    $a http://catalogue.bnf.fr/ark:/12148/cb11888332q
035    $a FRBNF118883320
039    $o OPL $a 000387255
039    $o OPP $a 11466128 $d 20170927
039    $o OPP $a 10930828 $d 20181106
039    $o OPP $a 15445982 $d 20181106
100    $a 19750123afrey50      ba0
101    $a fre
102    $a FR
103    $a  19200928  19740719 
105    $a a
106    $a 1  
120    $a b
200    $7 ba0yba0y $8 fre    $9  0  $a Albouy $b Pierre $f 1920-1974
300 0  $a Professeur de lettres à la Faculté des lettres et sciences humaines de Paris
301    $a Paris, 13e arrondissement (France) $b Paris, 5e arrondissement (France)
801    $a FR $b FR-751131015 $c 20181106
810    $a Oeuvres poétiques / Victor Hugo ; éd. établie par Pierre Albouy, 1993
810    $a Encycl. universalis, 1989 : article Victor Hugo $a Archives de Paris. Etat-civil du 5e arrondissement. Décès. 1974. Acte n° 389 - http://archives.paris.fr (2018-11-06)
856    $u http://archives.paris.fr $e 2018-11-06
999    $a FRBNF118883320 $b 11888332
152    $b NP

