01007cx  a2200265   4500
001 112375
003 http://catalogue.bnf.fr/ark:/12148/cb14229628p
005 20240506053647.0
010    $a 0000000119255247 $2 VIAF $d 20130801
033    $a http://catalogue.bnf.fr/ark:/12148/cb14229628p
035    $a FRBNF142296286
100    $a 20030310afrey50      ba0
102    $a GB
103    $a  19670726           
105    $a i
106    $a 1  
120    $a b
152    $c 2 $b NP
200    $7 ba0yba0y $8 fre    $9  0  $a Statham $b Jason $f 1967-....
300 0  $a Acteur et producteur
801    $a FR $b FR-751131015 $c 20211018
810    $a Carton rouge [Images animées] / Barry Skolnick, réal. ; Vinnie Jones, Jason Statham, David Kelly... [et al.], act. Paramount home Entertainment France, 2001
810    $a IMDb - https://www.imdb.com/name/nm0005458/?ref_=fn_al_nm_1 (2016-11-15) (2021-10-18)
856    $u https://www.imdb.com/name/nm0005458/?ref_=fn_al_nm_1 $e 2016-11-15 $e 2021-10-18
999    $a FRBNF142296286 $b 14229628

