01085cx  a2200265   4500
001 112525
003 http://catalogue.bnf.fr/ark:/12148/cb166385975
005 20240506075002.0
010    $a 0000000391559696 $2 ISNI $d 20150313
033    $a http://catalogue.bnf.fr/ark:/12148/cb166385975
035    $a FRBNF166385971
100    $a 20121102afrey50      ba0
101    $a fre
102    $a FR
103    $a  193501             
105    $a a
106    $a 1  
120    $a a
200    $7 ba0yba0y $8 fre    $9  0  $a Ponti-Rouxel $b Marcelle $f 1935-....
300 0  $a Épouse de : "Rouxel, Jacques (1931-2004)". - Productrice des Shadoks avec Jacques Rouxel. - Créatrice en 1973 du studio aaa (animation, art graphique, audiovisuel) avec Jacques Rouxel et Jean-Paul Couturier. - Directrice du studio aaa en tant que productrice (en 2012)
400    $5 j $7 ba0yba0y $8 fre    $9     $a Rouxel $b Marcelle Ponti- $f 1935-....
801    $a FR $b FR-751131015 $c 20121102
810    $a Jacques Rouxel, les Shadoks / Thierry Dejean, Marcelle Ponti-Rouxel, impr. 2012
999    $a FRBNF166385971 $b 16638597
152    $b NP

