00660cx  a2200217   4500
001 112687
005 20160123025553.0
009 http://catalogue.bnf.fr/ark:/12148/cb166177078
100    $a 20120806afrey50      ba0
102    $a CF
103    $a  196.               
105    $a i
106    $a 1  
150    $a y $b v9  
152    $a AFNOR Z 44-060 $c 2 $b CO
210    $7 ba0yba0y $8 fre    $9 20  $a Orchestre tropical Fiesta imperial
300 0  $a Groupe de variétés africaines
410    $7 ba0yba0y $8 fre    $9     $a Fiesta imperial
801    $a FR $b FR-751131015 $c 20120810
810    $a L'Afrique enchantée [Enregistrement sonore]. RCA-Victor 88691962732
999    $a 16617707

