00710cx  a2200229   4500
001 112863
003 http://catalogue.bnf.fr/ark:/12148/cb12569235x
005 20240507021121.0
010    $a 0000000108900247 $2 VIAF $d 20130729
033    $a http://catalogue.bnf.fr/ark:/12148/cb12569235x
035    $a FRBNF125692358
039    $o OPL $a 013290870
100    $a 19970610afrey50      ba0
101    $a spa
102    $a XX
105    $a a
106    $a 1  
152    $c 2 $b NP
200    $7 ba0yba0y $8 fre    $9  0  $a Mateo $b Francis
801    $a FR $b FR-751131015 $c 19970625
810    $a El arte de conjugar en español : diccionario de 12 000 verbos / Francis Mateo, Antonio J. Rojo Sastre, 1995
999    $a FRBNF125692358 $b 12569235

