01057nx  a2200277   4500
001 113020
003 http://catalogue.bnf.fr/ark:/12148/cb135640626
005 20240507022018.0
033    $a http://catalogue.bnf.fr/ark:/12148/cb135640626
035    $a FRBNF135640623
039    $o OPL $a 015036276
100    $a 20000721afrey50      ba0
106    $a 211
152    $b SNC $c 2
159    $a rameau
250    $7 ba0yba0y $8 fre    $9     $a Engrais verts
450    $7 ba0yba0y $8 fre    $9     $a Plantes cultivées (engrais)
450    $7 ba0yba0y $8 fre    $9     $a Verdage
550    $5 g $3 11931248 $7 ba0yba0y $8 fre    $9   2 $a Engrais et amendements
550    $5 g $3 11933146 $7 ba0yba0y $8 fre    $9   2 $a Plantes cultivées
686    $a 580 $c Botanique $2 Note de regroupement par domaine
686    $a 630 $c Agriculture, élevage $2 Note de regroupement par domaine
801    $a FR $b FR-751131015 $c 20000721
822 12 $a Engrais verts $2 RVMLaval $d 2000-07-21
822 1  $a Green manuring $2 LCSH $u http://id.loc.gov/authorities/subjects/sh85057218 $d 2017-02-09
999    $a FRBNF135640623 $b 13564062

