01057cx  a2200301   4500
001 113171
003 http://catalogue.bnf.fr/ark:/12148/cb16667946r
005 20240510054041.0
010    $a 0000000430724608 $2 ISNI $d 20160217
033    $a http://catalogue.bnf.fr/ark:/12148/cb16667946r
035    $a FRBNF166679460
039    $o OPP $a 16789375 $d 20160218
100    $a 20130306afrey50      ba0
101    $a fre
102    $a FR
103    $a  19750218           
105    $a a
106    $a 1  
120    $a b
200    $7 ba0yba0y $8 fre    $9  0  $a Hardoc $f 1975-....
300 0  $a Pseudonyme de Vincent Lemaire, dessinateur de bandes dessinées
801    $a FR $b FR-751131015 $c 20160218
810    $a La guerre des Lulus / scénario, Régis Hautière ; dessin, Hardoc, 2012-
810    $a Bédéthèque - http://www.bedetheque.com/auteur-9652-BD-Hardoc.html (2014-02-26)
856    $u http://chezhardoc.blogspot.fr/ $e 2014-02-26
856    $u http://www.bedetheque.com/auteur-9652-BD-Hardoc.html $e 2014-02-26
999    $a FRBNF166679460 $b 16667946
152    $b NP

