01552cx  a2200409   4500
001 113337
003 http://catalogue.bnf.fr/ark:/12148/cb138947659
005 20240507042548.0
010    $a 0000000121275597 $2 ISNI $d 20170818
033    $a http://catalogue.bnf.fr/ark:/12148/cb138947659
035    $a FRBNF138947652
039    $o OPL $a 002241637
039    $o OPP $a 11985618 $d 20061107
039    $o OPP $a 14682273 $d 20061107
039    $o OPP $a 13797542 $d 20061107
039    $o OPP $a 13826938 $d 20061107
039    $o OPP $a 14990172 $d 20070615
039    $o OPP $a 14990158 $d 20081020
039    $o OPP $a 16361308 $d 20131129
100    $a 19890601afrey50      ba0
101    $a fre
102    $a FR
103    $a  19110202  19821219 
105    $a a $a i
106    $a 010
120    $a b
200    $7 ba0yba0y $8 fre    $9  0  $a Grünenwald $b Jean-Jacques $f 1911-1982
300    $a Organiste et compositeur. - Organiste titulaire de Saint-Pierre-de-Montrouge, puis de Saint-Sulpice
301    $a Annecy (Savoie) $b Paris (France)
400    $5 e $7 ba0yba0y $8 fre    $9     $a Dalve $b Jean $f 1911-1982
686    $a 780 $c Musique $2 Note de regroupement par domaine
801    $a FR $b FR-751131015 $c 20230512
810    $a Hommage à Josquin des Prés [Musique imprimée] : (sur l'anagramme musical du nom) [pour orgue] / Jean-Jacques Grünenwald, 1958
810    $a Pâris $a Grove music online - http://www.grovemusic.com (2006-11-07) $a GLU $a WW, France, 1983-1984 $a DBF
856    $u http://www.grovemusic.com/ $e 2006-11-07
999    $a FRBNF138947652 $b 13894765
152    $b NP

