00705nx  a2200253   4500
001 113487
003 http://catalogue.bnf.fr/ark:/12148/cb16586215j
005 20240507023612.0
010    $a 0000000124017921 $2 ISNI $d 20131217
033    $a http://catalogue.bnf.fr/ark:/12148/cb16586215j
035    $a FRBNF165862156
100    $a 20120329afrey50      ba0
101    $a eng
102    $a US
103    $a  19..               
105    $a a
106    $a 1  
120    $a a
152    $c 2 $b NP
200    $7 ba0yba0y $8 fre    $9  0  $a Crouch $b Julia
300 0  $a Romancière
801    $a FR $b FR-751131015 $c 20120329
810    $a Nous serons inséparables / Julia Crouch, impr. 2012
999    $a FRBNF165862156 $b 16586215

