00822nx  a2200253   4500
001 113610
003 http://catalogue.bnf.fr/ark:/12148/cb146180795
005 20240507024333.0
010    $a 0000000001440623 $2 VIAF $d 20130802
033    $a http://catalogue.bnf.fr/ark:/12148/cb146180795
035    $a FRBNF146180795
100    $a 20050406afrey50      ba0
101    $a fre
102    $a FR
103    $a  19..               
105    $a a
106    $a 1  
120    $a b
200    $7 ba0yba0y $8 fre    $9  0  $a Sigward $b Éric
300 0  $a Inspecteur d'Académie et inspecteur régional pédagogique, Académie de Lille (en 2004)
801    $a FR $b FR-751131015 $c 20050406
810    $a Mathématiques en classe de seconde / sous la dir. de Olivier Lassalle et Éric Sigward, 2004
999    $a FRBNF146180795 $b 14618079
152    $b NP

