00944cx  a2200265   4500
001 113921
003 http://catalogue.bnf.fr/ark:/12148/cb15775285g
005 20240508032443.0
010    $a 0000000114445041 $2 VIAF $d 20130806
033    $a http://catalogue.bnf.fr/ark:/12148/cb15775285g
035    $a FRBNF157752856
100    $a 20080909afrey50      ba0
102    $a IT
103    $a  19750424           
105    $a i
106    $a 1  
120    $a a
152    $c 2 $b NP
200    $7 ba0yba0y $8 fre    $9  0  $a Giannattasio $b Carmen $f 1975-....
300 0  $a Artiste lyrique (soprano)
801    $a FR $b FR-751131015 $c 20110225
810    $a Simon Boccanegra [Images animées] / Francesca Nesler, réal.... ; Carmen Giannattasio, S. Kinowelt home entertainment, [2008]
810    $a Wikipedia - en.wikipedia.org/wiki/Carmen_Giannattasio (2011-02-25)
856    $u en.wikipedia.org/wiki/Carmen_Giannattasio $e 2011-02-25
999    $a FRBNF157752856 $b 15775285

