01136cx  a2200265   4500
001 114061
003 http://catalogue.bnf.fr/ark:/12148/cb14632875z
005 20240507030246.0
033    $a http://catalogue.bnf.fr/ark:/12148/cb14632875z
035    $a FRBNF14632875X
100    $a 20050528afrey50      ba0
106    $a 211
152    $b SNC $c 2
159    $a rameau
250    $7 ba0yba0y $8 fre    $9     $a Archives publiques électroniques
450    $7 ba0yba0y $8 fre    $9     $a Archives publiques $x Information électronique
450    $7 ba0yba0y $8 fre    $9     $a Archives publiques numériques
550    $5 g $3 13319037 $7 ba0yba0y $8 fre    $9   2 $a Archives électroniques
550    $5 g $3 13318664 $7 ba0yba0y $8 fre    $9   2 $a Archives publiques
686    $a 020 $c Sciences de l'information $2 Note de regroupement par domaine
686    $a 350 $c Administration publique $2 Note de regroupement par domaine
801    $a FR $b FR-751131015 $c 20050715
822 12 $a Archives publiques électroniques $2 RVMLaval $d 2005-07-15
822 1  $a Electronic public records $2 LCSH $u http://id.loc.gov/authorities/subjects/sh98001207 $d 2017-02-09
999    $a FRBNF14632875X $b 14632875

