00940cx  a2200277   4500
001 114209
003 http://catalogue.bnf.fr/ark:/12148/cb13342091j
005 20240513080034.0
010    $a 0000000040398026 $2 VIAF $d 20130730
033    $a http://catalogue.bnf.fr/ark:/12148/cb13342091j
035    $a FRBNF133420913
039    $o OPL $a 014046506
039    $o OPP $a 14267534 $d 20110628
100    $a 19980915afrey50      ba0
101    $a fre
102    $a FR
103    $a  19..               
105    $a a $a p
106    $a 1  
120    $a a
200    $7 ba0yba0y $8 fre    $9  0  $a Calmé $b Nathalie
300 0  $a Journaliste. - Travaille dans le domaine humanitaire (en 2002)
801    $a FR $b FR-751131015 $c 20110628
810    $a Le couple intérieur / sous la dir. de Paule Salomon et Nathalie Calmé, 2002 $a Allier, visages d'un communisme paysan et travailleur / Nathalie Calmé, impr. 2011
999    $a FRBNF133420913 $b 13342091
152    $b NP

