01260cx  a2200301   4500
001 114411
003 http://catalogue.bnf.fr/ark:/12148/cb11947620n
005 20240507032352.0
033    $a http://catalogue.bnf.fr/ark:/12148/cb11947620n
035    $a FRBNF11947620X
039    $o OPL $a 001731606
100    $a 19820908afrey50      ba0
106    $a 200
152    $b SNG $c 2
159    $a rameau
215    $7 ba0yba0y $8 fre    $9     $a Johannesburg (Afrique du Sud)
300 1  $a Capitale de la province de Gauteng (Transvaal)
415    $7 ba0yba0y $8 frezul $9     $a eGoli (Afrique du Sud)
415    $7 ba0yba0y $8 fre    $9     $a J'burg (Afrique du Sud)
415    $7 ba0yba0y $8 fre    $9     $a Joburg (Afrique du Sud)
415    $7 ba0yba0y $8 fre    $9     $a Johannesbourg (Afrique du Sud)
415    $7 ba0yba0y $8 fre    $9     $a Jozi (Afrique du Sud)
686    $a 915 $2 Note de regroupement par domaine
801    $a FR $b FR-751131015 $c 20090121
810    $a LC Authorities (en ligne), 2009-01-21 : Johannesburg (South Africa)
810    $a Grand Larousse universel $a Robert encyclopédique des noms propres 2008 $a Atlas universel Le Monde, 2000 $a Wikipédia - http://fr.wikipedia.org (2009-01-21)
856    $u http://fr.wikipedia.org $e 2009-01-21
999    $a FRBNF11947620X $b 11947620

