01241cx  a2200289   4500
001 114593
003 http://catalogue.bnf.fr/ark:/12148/cb16569409g
005 20240510075659.0
033    $a http://catalogue.bnf.fr/ark:/12148/cb16569409g
035    $a FRBNF165694096
100    $a 20120201afrey50      ba0
102    $a IT
103    $a  2008               
105    $a i
106    $a 1  
150    $a y $b v8  
152    $c 2 $b CO
210    $7 ba0yba0y $8 fre    $9 20  $a La Compagnia del madrigale
300 0  $a Ensemble vocal
307    $a Cassinari, Francesca, soprano $a Bertini, Rossana, soprano $a Fabris, Laura, soprano $a Carzaniga, Elena, alto $a Maletto, Giuseppe, ténor $a Giordani, ténor $a Scavazza, Marco, baryton $a Carnovich, Daniele, basse
500    $5 z $0 A pour membre :  $3 14155511 $7 ba0yba0y $8 fre    $9  0  $a Bertini $b Rossana
500    $5 z $0 A pour membre :  $3 14202385 $7 ba0yba0y $8 fre    $9  0  $a Maletto $b Giuseppe
500    $5 z $0 A pour membre :  $3 14161927 $7 ba0yba0y $8 fre    $9  0  $a Carnovich $b Daniele
801    $a FR $b FR-751131015 $c 20140403
810    $a Orlando furioso [Enregistrement sonore] : madrigali sul Ludovico Ariosto. Arcana A363
856    $u http://www.lacompagniadelmadrigale.com $e 2012-02-01
999    $a FRBNF165694096 $b 16569409

