01629cx  a2200409   4500
001 114774
003 http://catalogue.bnf.fr/ark:/12148/cb123905931
005 20240507034352.0
010    $a 0000000051213584 $2 ISNI $d 20160215
033    $a http://catalogue.bnf.fr/ark:/12148/cb123905931
035    $a FRBNF123905932
039    $o OPL $a 010182829
039    $o OPP $a 11761497 $d 20140811
039    $o OPP $a 11761127 $d 20140811
039    $o OPP $a 11761126 $d 20140811
039    $o OPP $a 11608301 $d 20140811
039    $o OPP $a 10778266 $d 20140811
039    $o OPP $a 10778265 $d 20140811
039    $o OPP $a 10175880 $d 20140811
039    $o OPP $a 10175879 $d 20140811
039    $o OPP $a 10493050 $d 20140811
100    $a 19940509afrey50      ba0
101    $a mul
102    $a IN
105    $a a
106    $a 1  
152    $c 2 $b NP
200    $7 ba0yba0e $8 fre    $9  1  $a Bidpaï
300 0  $a Nom d'origine douteuse qui viendrait du sanskrit "Vidyāpati". - Auteur présumé d'une version tardive du Pañcatantra, dont on lui attribue aussi les versions non indiennes
400    $7 ba0yba0y $8 fre    $9     $a Pilpai
700    $7 ba0yba0f $8 fre||| $9  0  $a Bīdpāy
801    $a FR $b FR-751131015 $c 20231124
810    $a Calila et Dimna, ou fables / de Bidpai ; par M. Sylvestre de Sacy, 1916
810    $a L'Inde classique / par L. Renou et J. Filliozat, 1947-1953, vol. II, p. 242-243 $a Dict. de la civilisation indienne / Louis Frédéric, 1987 $a LC Authorities - http://authorities.loc.gov (2014-08-11)
810    $a BN Service indien $a BN Cat. gén.
856    $u http://authorities.loc.gov $e 2014-08-11
999    $a FRBNF123905932 $b 12390593

