00928cx  a2200265   4500
001 114925
003 http://catalogue.bnf.fr/ark:/12148/cb13175921v
005 20240507035330.0
010    $a 0000000055124933 $2 VIAF $d 20130730
033    $a http://catalogue.bnf.fr/ark:/12148/cb13175921v
035    $a FRBNF131759217
039    $o OPL $a 013565590
100    $a 19971128afrey50      ba0
101    $a fre
102    $a FR
103    $a  19420413           
105    $a a
106    $a 1  
120    $a b
200    $7 ba0yba0y $8 fre    $9  0  $a Blondel $b Jean-François $f 1942-....
300 0  $a Historien. - Spécialiste du compagnonnage
801    $a FR $b FR-751131015 $c 20180626
810    $a Les fils de Noé : les charpentiers du temps passé / Jean-François Blondel, 1993 $a Les légendes des cathédrales / Jean-François Blondel, 2002 $a La cathédrale / Jean-François Blondel, DL 2018
999    $a FRBNF131759217 $b 13175921
152    $b NP

