01563cx  a2200265   4500
001 115078
003 http://catalogue.bnf.fr/ark:/12148/cb13600891z
005 20240507040135.0
010    $a 000000005061399X $2 VIAF $d 20130731
033    $a http://catalogue.bnf.fr/ark:/12148/cb13600891z
035    $a FRBNF136008911
039    $o OPL $a 015263174
100    $a 20010105afrey50      ba0
101    $a fre
102    $a FR
103    $a  197005             
105    $a a
106    $a 1  
120    $a b
200    $7 ba0yba0y $8 fre    $9  0  $a Guibert $b Gérôme $f 1970-....
300 0  $a Docteur en sociologie. - Musicien. - Professeur des universités à la Sorbonne Nouvelle (Paris), directeur de l'Institut de la communication et des médias à l'IRMÉCCEN (Institut de recherche médias, cultures, communication et numérique) (en 2022). - Chercheur au LISE, Laboratoire interdisciplinaire pour la sociologie économique, enseignant à l'Université de Paris 13 et membre de l'IASPM, International association for the studies of popular music (en 2006). - Collabore à la presse musicale ("Magic", "Kérosène") (en 2006)
801    $a FR $b FR-751131015 $c 20230208
810    $a Les nouveaux courants musicaux : simples produits des industries culturelles ? / Gérôme Guibert, 1998 $a La production de la culture / Gérôme Guibert, DL 2006 $a Penser les musiques populaires / une anthologie établie par Gérôme Guibert et Guillaume Heuguet. - [Paris] : Cité de la musique-Philharmonie de Paris, DL 2022. - [Texte noté]
999    $a FRBNF136008911 $b 13600891
152    $b NP

