01365nx  a2200301   4500
001 115252
003 http://catalogue.bnf.fr/ark:/12148/cb166923277
005 20240518060825.0
010    $a 0000000118868172 $2 ISNI $d 20150313
033    $a http://catalogue.bnf.fr/ark:/12148/cb166923277
035    $a FRBNF166923270
100    $a 20130621afrey50      ba0
101    $a eng
102    $a GB
103    $a  19..               
105    $a a
106    $a 1  
120    $a a
152    $c 2 $b NP
200    $7 ba0yba0y $8 fre    $9  0  $a Murray $b Alison
300 0  $a Designer. - Auteur-illustratrice d'ouvrages pour la jeunesse
801    $a FR $b FR-751131015 $c 20130621
810    $a 1 2 3 attrape moi ! / Alison Murray ; [traduit de l'anglais par Yann Walcker], DL 2013
810    $a British national bibliography : pas de date de naissance - http://search.bl.uk/primo_library/libweb/action/search.do (2013-06-21) $a LC authorities : pas de date de naissance - http://authorities.loc.gov/cgi-bin (2013-06-21)
810    $a Site officiel de l'artiste : pas de date de naissance - http://alisonmurray.net/rowdy-roddy-vintage (2011-06-21)
856    $u http://search.bl.uk/primo_library/libweb/action/search.do $e 2013-06-21 $u http://authorities.loc.gov/cgi-bin/ $e 2013-06-21
856    $u http://alisonmurray.net/rowdy-roddy-vintage/ $e 2011-06-21
999    $a FRBNF166923270 $b 16692327

