01491cx  a2200313   4500
001 115553
003 http://catalogue.bnf.fr/ark:/12148/cb11914225x
005 20240514060834.0
010    $a 0000000121363431 $2 VIAF $d 20130724
033    $a http://catalogue.bnf.fr/ark:/12148/cb11914225x
035    $a FRBNF11914225X
039    $o OPL $a 001073542
039    $o OPP $a 13220910 $d 20170927
100    $a 19760426afrey50      ba0
101    $a fre
102    $a FR
103    $a  19390603  20230609 
105    $a a
106    $a 1  
120    $a b
200    $7 ba0yba0y $8 fre    $9  0  $a Mandon $b Daniel $f 1939-2023
300 0  $a Docteur en sociologie. - Professeur d'anthropologie sociale à l'Université de Lyon. - Maire de Saint-Genest-Malifaux (42). - Conseiller général de la Loire (42). - Député UDF depuis 1993 (en 1995)
301    $a Saint-Étienne (Loire) $b Saint-Genest-Malifaux (Loire)
801    $a FR $b FR-751131015 $c 20240427
810    $a Culture et changement social / Daniel Mandon, 1990 $a Rapport d'information sur le service national / Assemblée nationale, déposé par la Mission d'information commune sur le service national ; président, M. Philippe Seguin ; rapporteur, M. Olivier Darrason, rapporteurs particuliers, M. Daniel Mandon et Mme Louise Moreau, 1996
810    $a INSEE, Fichier des décès - https://deces.matchid.io/id/Njw2NHtACaCg (2024-04-27)
856    $u https://deces.matchid.io/id/Njw2NHtACaCg $e 2024-04-27
999    $a FRBNF11914225X $b 11914225
152    $b NP

