00748cx  a2200241   4500
001 115693
003 http://catalogue.bnf.fr/ark:/12148/cb167746813
005 20240507042615.0
010    $a 0000000399168358 $2 ISNI $d 20150313
033    $a http://catalogue.bnf.fr/ark:/12148/cb167746813
035    $a FRBNF167746816
100    $a 20140708afrey50      ba0
101    $a eng
102    $a GB
103    $a  19..               
105    $a a
106    $a 1  
120    $a b
152    $c 2 $b NP
200    $7 ba0yba0y $8 fre    $9  0  $a Templeman $b Henri
801    $a FR $b FR-751131015 $c 20140708
810    $a Le monde des chevaliers : la vie et la légende des chevaliers au temps des châteaux forts / [Henri Templeman], DL 2013
999    $a FRBNF167746816 $b 16774681

