00800nx  a2200253   4500
001 115862
003 http://catalogue.bnf.fr/ark:/12148/cb16714709d
005 20240519044229.0
010    $a 0000000420135228 $2 ISNI $d 20150313
033    $a http://catalogue.bnf.fr/ark:/12148/cb16714709d
035    $a FRBNF167147097
100    $a 20131007afrey50      ba0
101    $a fre $t eng
102    $a FR
103    $a  19..               
105    $a a
106    $a 1  
120    $a a
200    $7 ba0yba0y $8 fre    $9  0  $a Guisse-Lardit $b Béatrice
400    $7 ba0yba0y $8 fre    $9     $a Lardit $b Béatrice Guisse-
801    $a FR $b FR-751131015 $c 20131007
810    $a Détruire Carthage / David Gibbins ; traduit de l'anglais par Béatrice Guisse-Lardit, impr. 2013
999    $a FRBNF167147097 $b 16714709
152    $b NP

