01220cx  a2200301   4500
001 115998
003 http://catalogue.bnf.fr/ark:/12148/cb14570221j
005 20240507044850.0
010    $a 0000000077313030 $2 VIAF $d 20130802
033    $a http://catalogue.bnf.fr/ark:/12148/cb14570221j
035    $a FRBNF145702219
039    $o OPP $a 14922321 $d 20140612
100    $a 20040927afrey50      ba0
101    $a swe
102    $a SE
103    $a  1942      ....     
105    $a a
106    $a 1  
120    $a b
152    $c 2 $b NP
200    $7 ba0yba0y $8 fre    $9  0  $a Persson $b Hasse $f 1942-....
300 0  $a A été photographe de presse aux États-Unis. - Commissaire d'expositions photographiques. - Directeur du Konstmuseum de Borås (en 2013)
801    $a FR $b FR-751131015 $c 20140612
810    $a Lennart Nilsson : images of his life / editor: Jacob Forsell ; text: Petter Karlsson and Hasse Persson, cop. 2002 $a Anders Petersen : [exposition, Paris... 2013... 2014] / textes d'Anne Biroleau, Urs Stahel et Hasse Persson, impr. 2013
810    $a LIBRIS - http://www.libris.kb.se (2004-09-27)
810    $a BnF, Service scandinave
856    $u http://www.libris.kb.se $e 2004-09-27
999    $a FRBNF145702219 $b 14570221

