01064cx  a2200265   4500
001 116133
003 http://catalogue.bnf.fr/ark:/12148/cb150383754
005 20240507045836.0
010    $a 0000000005277683 $2 VIAF $d 20130805
033    $a http://catalogue.bnf.fr/ark:/12148/cb150383754
035    $a FRBNF150383755
100    $a 20060131afrey50      ba0
101    $a fre
102    $a FR
103    $a  19..               
105    $a a
106    $a 1  
120    $a b
200    $7 ba0yba0y $8 fre    $9  0  $a Delesvaux $b Antoine
300 0  $a Illustrateur. - Membre de "La Station", studio d'animation et agence de création graphique (en 2005)
530    $5 z $0 Réalisateur de :  $3 16512339 $a Le chat du rabbin (film)
801    $a FR $b FR-751131015 $c 20110525
810    $a Les clés de l'info : pour mieux comprendre les médias et l'actualité / Élisabeth Combres, Sophie Lamoureux, Florence Thinard ; illustrations, cartes et infographies, La Station, Clément Oubrerie, Antoine Delesvaux, Christian Ronget, DL 2005
999    $a FRBNF150383755 $b 15038375
152    $b NP

