00754nx  a2200253   4500
001 116295
003 http://catalogue.bnf.fr/ark:/12148/cb16587708w
005 20240518043126.0
010    $a 0000000369547162 $2 ISNI $d 20150313
033    $a http://catalogue.bnf.fr/ark:/12148/cb16587708w
035    $a FRBNF165877083
100    $a 20120404afrey50      ba0
101    $a fre $t ger
102    $a FR
103    $a  19..               
105    $a a
106    $a 1  
120    $a a
200    $7 ba0yba0y $8 fre    $9  0  $a Roussel $b Sylvie
300 0  $a Traductrice
801    $a FR $b FR-751131015 $c 20120404
810    $a Alice au pays des Mongols / Ulrike Kuckero ; traduit de l'allemand par Sylvie Roussel, impr. 2012
999    $a FRBNF165877083 $b 16587708
152    $b NP

