00997cx  a2200301   4500
001 116467
003 http://catalogue.bnf.fr/ark:/12148/cb135804842
005 20240508032559.0
010    $a 0000000071689205 $2 ISNI $d 20150313
033    $a http://catalogue.bnf.fr/ark:/12148/cb135804842
035    $a FRBNF135804841
039    $o OPL $a 015032872
100    $a 20000719afrey50      ba0
101    $a fre
102    $a FR
103    $a  19260502  20131003 
105    $a a
106    $a 1  
120    $a b
200    $7 ba0yba0y $8 fre    $9  0  $a Grassignoux $b Pierre $f 1926-2013
300 0  $a Sculpteur. - Illustrateur
301    $a Thénezay (Deux-Sèvres) $b Poitiers
801    $a FR $b FR-751131015 $c 20210521
810    $a Cinquante portraits bibliques / Paul Beauchamp ; dessins de Pierre Grassignoux, 2013
810    $a INSEE, Fichier des décès - https://deces.matchid.io/search (2021-05-21)
856    $u https://deces.matchid.io/search $e 2021-05-21
999    $a FRBNF135804841 $b 13580484
152    $b NP

