01170cx  a2200289   4500
001 116622
003 http://catalogue.bnf.fr/ark:/12148/cb16912256d
005 20240508034713.0
010    $a 0000000423225149 $2 ISNI $d 20150313
033    $a http://catalogue.bnf.fr/ark:/12148/cb16912256d
035    $a FRBNF169122566
100    $a 20140926afrey50      ba0
102    $a BE
103    $a  1985               
105    $a a
106    $a 1  
120    $a a
152    $c 2 $b NP
200    $7 ba0yba0y $8 fre    $9  0  $a De Swaef $b Emma $f 1985-....
300 0  $a Réalisatrice, scénariste
400    $7 ba0yba0y $8 fre    $9     $a Swaef $b Emma de $f 1985-....
801    $a FR $b FR-751131015 $c 20150129
810    $a Oh Willy... [Images animées] / Emma de Swaef, Marc James Roels, réal. Festival du film indépendant européen, [2014]
810    $a IMDB - http://www.imdb.com/name/nm2809195 (2015-01-29) $a Fantoche [née en 1985] - http://fantoche.ch/en/staff/emma-de-swaef (2015-01-29)
856    $u http://www.emmadeswaef.be/ $e 2015-01-29
856    $u http://www.imdb.com/name/nm2809195 $e 2015-01-29 $u http://fantoche.ch/en/staff/emma-de-swaef $e 2015-01-29
999    $a FRBNF169122566 $b 16912256

