01209cx  a2200325   4500
001 116826
003 http://catalogue.bnf.fr/ark:/12148/cb167615916
005 20240508035937.0
010    $a 0000000082190477 $2 ISNI $d 20150313
033    $a http://catalogue.bnf.fr/ark:/12148/cb167615916
035    $a FRBNF16761591X
100    $a 20140512afrey50      ba0
101    $a ara
102    $a SY
103    $a  1974               
105    $a a
106    $a 1  
120    $a a
152    $c 2 $b NP
200    $7 ba0yba0a $8 freara $9  0  $a Yāsīn Ḥasan $b Rūzā $f 1974-....
300 0  $a Romancière, nouvelliste
400    $7 ba0yba0y $8 fre    $9     $a Hassan $b Rosa Yassin $f 1974-....
700    $7 ba0yfa0y $8 freara $9  0  $a ياسين حسن $b روزا $f 1974-....
700    $7 ba0yba0e $8 fre||| $9  1  $a Yassin Hassan $b Rosa $f 1974-....
801    $a FR $b FR-751131015 $c 20151221
810    $a Les gardiens de l'air : roman / Rosa Yassin Hassan ; traduit de l'arabe (Syrie) par Emmanuel Varlet, impr. 2014
810    $a http://www.arabicfiction.org/ar/book/16.html (2014-05-14)
810    $a BnF Service arabe, 2015-12-21
856    $u http://www.arabicfiction.org/ar/book/16.html $e 2014-05-14
999    $a FRBNF16761591X $b 16761591

