00882cx  a2200277   4500
001 116975
003 http://catalogue.bnf.fr/ark:/12148/cb16636131n
005 20240518061719.0
010    $a 0000000123405586 $2 VIAF $d 20130808
033    $a http://catalogue.bnf.fr/ark:/12148/cb16636131n
035    $a FRBNF166361319
100    $a 20121023afrey50      ba0
101    $a eng
102    $a US
103    $a  19..               
105    $a a
106    $a 1  
120    $a a
152    $c 2 $b NP
200    $7 ba0yba0y $8 fre    $9  0  $a Mafi $b Tahereh
300 0  $a Romancière
801    $a FR $b FR-751131015 $c 20121106
810    $a Ne me touche pas / Tahereh Mafi ; traduit de l'anglais (États-Unis) par Jean-Noël Chatain, DL 2012
810    $a LC authorities - http://authorities.loc.gov (2012-11-06)
856    $u http://authorities.loc.gov/ $e 2012-11-06
999    $a FRBNF166361319 $b 16636131

