01163cx  a2200277   4500
001 117109
003 http://catalogue.bnf.fr/ark:/12148/cb16900024j
005 20240509024323.0
033    $a http://catalogue.bnf.fr/ark:/12148/cb16900024j
035    $a FRBNF169000249
100    $a 20140724afrey50      ba0
101    $a fre
102    $a FR
103    $a  20051223           
105    $a a
106    $a 1  
150    $a a $b   26
210    $7 ba0yba0y $8 fre    $9 20  $a France $b Service d'information et de communication de la police nationale
410    $7 ba0yba0y $8 fre    $9     $a SICOP
410    $7 ba0yba0y $8 fre    $9     $a France $b Direction générale de la police nationale $b Service d'information et de communication de la police nationale
801    $a FR $b FR-751131015 $c 20210906
810    $a La police racontée aux enfants, 2014
810    $a Police nationale - https://www.police-nationale.interieur.gouv.fr/Organisation/Entites-rattachees-directement-au-DGPN/SICoP (2021-09-06)
856    $u https://www.police-nationale.interieur.gouv.fr/Organisation/Entites-rattachees-directement-au-DGPN/SICoP $e 2021-09-06
999    $a FRBNF169000249 $b 16900024
152    $b CO

