00753nx  a2200253   4500
001 117255
003 http://catalogue.bnf.fr/ark:/12148/cb16773338w
005 20240509072646.0
010    $a 0000000435413702 $2 ISNI $d 20150313
033    $a http://catalogue.bnf.fr/ark:/12148/cb16773338w
035    $a FRBNF167733384
100    $a 20140701afrey50      ba0
101    $a fre
102    $a FR
103    $a  19..               
105    $a a
106    $a 1  
120    $a b
200    $7 ba0yba0y $8 fre    $9  0  $a Bulteau $b Pierre-Yves
300 0  $a Journaliste
801    $a FR $b FR-751131015 $c 20140701
810    $a En finir avec les idées fausses propagées par l'extrême droite / Pierre-Yves Bulteau, DL 2014
999    $a FRBNF167733384 $b 16773338
152    $b NP

