00976cx  a2200277   4500
001 117410
003 http://catalogue.bnf.fr/ark:/12148/cb16252198p
005 20240509073329.0
010    $a 0000000107910005 $2 ISNI $d 20150313
033    $a http://catalogue.bnf.fr/ark:/12148/cb16252198p
035    $a FRBNF162521986
100    $a 20101222afrey50      ba0
102    $a BE
103    $a  2001               
105    $a i
106    $a 1  
150    $a y $b v9  
152    $c 2 $b CO
210    $7 ba0yba0y $8 fre    $9 20  $a Leng tch'e
300 0  $a Groupe de hard rock
307    $a Malfeyt, Nicolas, guitare basse $a Van den Eynde, Tony, batterie $a Kasongo, Serge, chant $a Hallaert, Jan, guitare
801    $a FR $b FR-751131015 $c 20110125
810    $a Hypomanic [Enregistrement sonore]. Season of mist SOM 218
810    $a Wikipedia - http://en.wikipedia.org/wiki/Leng_Tch'e (2010-12-22)
856    $u http://en.wikipedia.org/wiki/Leng_Tch'e $e 2010-12-22
999    $a FRBNF162521986 $b 16252198

