01142cx  a2200277   4500
001 117563
003 http://catalogue.bnf.fr/ark:/12148/cb11905790s
005 20240509074019.0
010    $a 0000000110368106 $2 VIAF $d 20130724
033    $a http://catalogue.bnf.fr/ark:/12148/cb11905790s
035    $a FRBNF119057906
039    $o OPL $a 000844469
100    $a 19791212afrey50      ba0
101    $a fre
102    $a FR
103    $a  19270716  19881130 
105    $a a
106    $a 010
120    $a b
200    $7 ba0yba0y $8 fre    $9  0  $a Greco $b Pierre $f 1927-1988
300    $a Agrégé de philosophie. - Directeur d'études à la VIe section de l'Ecole pratique des hautes études (en 1965)
801    $a FR $b FR-751131015 $c 20081209
810    $a Approches psycho-pathologiques de l'espace et de sa structuration / [Journée d'étude organisée par le Groupe de recherches sur l'approche psychosomatique de la personnalité, 12 juin 1976, Rouen] / avec la collaboration de G. Azemar, H. Bloch, F. Boquet, E. H. Charamon [et al.] ; postface de Pierre Greco, 1978
810    $a Monde, 1988-12-03
999    $a FRBNF119057906 $b 11905790
152    $b NP

