00667cx  a2200241   4500
001 117713
003 http://catalogue.bnf.fr/ark:/12148/cb169090717
005 20240509074147.0
033    $a http://catalogue.bnf.fr/ark:/12148/cb169090717
035    $a FRBNF16909071X
100    $a 20140909afrey50      ba0
101    $a cze
102    $a CZ
103    $a  19..               
105    $a a
106    $a 1  
120    $a b
152    $c 2 $b NP
200    $7 ba0yba0y $8 fre    $9  0  $a Černá $b Josef
300 0  $a Historien de l'art et de l'architecture
801    $a FR $b FR-751131015 $c 20140909
810    $a Prague / Josef Černá, impr. 2014
999    $a FRBNF16909071X $b 16909071

