01044cx  a2200301   4500
001 117858
003 http://catalogue.bnf.fr/ark:/12148/cb13499407t
005 20240509074903.0
010    $a 000000012118795X $2 ISNI $d 20131217
033    $a http://catalogue.bnf.fr/ark:/12148/cb13499407t
035    $a FRBNF134994074
039    $o OPL $a 014266826
100    $a 19990216afrey50      ba0
101    $a eng
102    $a GB
103    $a  19710203  19990220 
105    $a a
106    $a 010
120    $a a
152    $c 2 $b NP
200    $7 ba0yba0y $8 fre    $9  0  $a Kane $b Sarah $f 1971-1999
300    $a Auteur dramatique. - A aussi utilisé le pseudonyme Marie Kelvedon
301    $a Brentwood  (Royaume-Uni) $b Londres (Royaume-Uni)
686    $a 800 $c Histoire et critique littéraires $2 Note de regroupement par domaine
801    $a FR $b FR-751131015 $c 20160602
810    $a Anéantis / Sarah Kane ; traduit de l'anglais par Lucien Marchal, 1998
810    $a BLNA, 1997-12 $a Monde, 1999-02-24 (article nécrologique)
999    $a FRBNF134994074 $b 13499407

