00808cx  a2200253   4500
001 117998
003 http://catalogue.bnf.fr/ark:/12148/cb162425617
005 20240519045253.0
010    $a 0000000107567892 $2 VIAF $d 20131025
033    $a http://catalogue.bnf.fr/ark:/12148/cb162425617
035    $a FRBNF162425614
100    $a 20101109afrey50      ba0
101    $a fre
102    $a FR
103    $a  1977               
105    $a a
106    $a 1  
120    $a b
200    $7 ba0yba0y $8 fre    $9  0  $a Beorn $b Paul $f 1977-....
300 0  $a Auteur de nouvelles et de romans de fantasy
801    $a FR $b FR-751131015 $c 20221028
810    $a La pucelle de Diable-Vert / Paul Beorn, 2010- $a Le septième guerrier-mage / Paul Beorn. - Paris : Bragelonne, DL 2022
999    $a FRBNF162425614 $b 16242561
152    $b NP

