01538cx  a2200313   4500
001 118162
003 http://catalogue.bnf.fr/ark:/12148/cb13904029t
005 20240515044558.0
010    $a 0000000122433729 $2 VIAF $d 20130731
033    $a http://catalogue.bnf.fr/ark:/12148/cb13904029t
035    $a FRBNF139040298
100    $a 19890601afrey50      ba0
102    $a US
103    $a  1969               
105    $a i
106    $a 1  
150    $a y $b v8  
152    $c 2 $b CO
210    $7 ba0yba0y $8 fre    $9 20  $a Hot Tuna
300 0  $a Groupe de rock
303    $a San Francisco
307    $a Balin, Marty, chant (1969-1971) $a Casady, Jack, guitare basse (1969-...) $a Covington, Joey, batterie (1970-1973) $a Creach, Papa John, Vl (1971-1973) $a Kaukonen, Jorma, guitare, chant (1969-....) $a Piazza, Sammy, batterie (1973-1974) $a Scarlett, Will, harmonica (1969-1973) $a Sherman, John, guitare (1975-....) $a Steeler, Bob, batterie (1974-....)
410    $7 ba0yba0y $8 fre    $9     $a Hottuna
500    $5 z $0 A pour membre :  $3 14225823 $7 ba0yba0y $8 fre    $9  0  $a Sears $b Pete $f 1948-....
500    $5 z $0 A pour membre :  $3 13790610 $7 ba0yba0y $8 fre    $9  0  $a Casady $b Jack $f 1944-....
500    $5 z $0 A pour membre :  $3 14047260 $7 ba0yba0y $8 fre    $9  0  $a Kaukkonen $b Jorma $f 1940-....
801    $a FR $b FR-751131015 $c 20150601
810    $a Live at Sweetwater [Enregistrement sonore] / Hot tuna, groupe voc. et instr.. - [Grande-Bretatgne] : Eagle rock entertainment ; [France] : [distrib. Universal music France], [DL 2014].
999    $a FRBNF139040298 $b 13904029

