01045cx  a2200289   4500
001 118324
003 http://catalogue.bnf.fr/ark:/12148/cb150643048
005 20240511021059.0
010    $a 0000000110253456 $2 VIAF $d 20130805
033    $a http://catalogue.bnf.fr/ark:/12148/cb150643048
035    $a FRBNF150643046
100    $a 20060512afrey50      ba0
101    $a eng
102    $a US
103    $a  1965               
105    $a a
106    $a 1  
120    $a a
152    $c 2 $b NP
200    $7 ba0yba0y $8 fre    $9  0  $a Lower $b Wendy $f 1965-....
300 0  $a Historienne
400    $7 ba0yba0y $8 fre    $9     $a Lauer $b Vendi $f 1965-....
801    $a FR $b FR-751131015 $c 20180910
810    $a Nazi empire-building and the Holocaust in Ukraine / Wendy Lower, 2005
810    $a VIAF : Bibliothèque du Congrès/NACO : Lower, Wendy $a VIAF : Bibliothèque nationale d'Allemagne : née en 1965, et forme rejetée - http://viaf.org/viaf/39665232 (2018-09-10)
856    $u http://viaf.org/viaf/39665232 $e 2018-09-10
999    $a FRBNF150643046 $b 15064304

