00970cx  a2200265   4500
001 118648
003 http://catalogue.bnf.fr/ark:/12148/cb16930004j
005 20240511022704.0
010    $a 000000004654811X $2 ISNI $d 20160217
033    $a http://catalogue.bnf.fr/ark:/12148/cb16930004j
035    $a FRBNF169300047
039    $o OPP $a 17202301 $d 20210218
100    $a 20141205afrey50      ba0
101    $a eng
102    $a GB
103    $a  1980               
105    $a a
106    $a 1  
120    $a b
152    $c 2 $b NP
200    $7 ba0yba0y $8 fre    $9  0  $a Chatfield $b Tom $f 1980-....
300 0  $a Spécialiste des nouvelles technologies. - Chroniqueur pour la BBC (en 2014)
801    $a FR $b FR-751131015 $c 20210218
810    $a Comment s'épanouir à l'ère numérique [Texte imprimé] / Tom Chatfield ; traduit de l'anglais (Grande-Bretagne) par Hélène Collon ; [publié par The School of life]. - Paris : Pocket, impr. 2014.
999    $a FRBNF169300047 $b 16930004

