01110cx  a2200301   4500
001 118790
003 http://catalogue.bnf.fr/ark:/12148/cb15978673n
005 20240512050448.0
033    $a http://catalogue.bnf.fr/ark:/12148/cb15978673n
035    $a FRBNF159786736
100    $a 20090320afrey50      ba0
101    $a fre
102    $a FR
103    $a  1999               
105    $a a
106    $a 010
150    $a y $b i9  
210    $7 ba0yba0y $8 fre    $9 20  $a Mouvement Utopia $c France
300    $a Association de réflexion créée en 1999. - Devient mouvement politique à partir de 2005
303    $a 5 avenue Jean-Moulin, 01100 Oyonnax
303    $a Ancienne adresse : 33 rue Falguière, 75015 Paris
410    $7 ba0yba0y $8 fre    $9     $a Utopia $c France
686    $a 320 $c Sciences politiques $2 Note de regroupement par domaine
801    $a FR $b FR-751131015 $c 20240131
810    $a Manifeste Utopia, 2008 $a Manifeste européen, 2009 $a Un revenu pour tous ! : précis d'utopie réaliste, DL 2010
856    $u https://mouvementutopia.org $e 2024-01-31
999    $a FRBNF159786736 $b 15978673
152    $b CO

