01422cx  a2200373   4500
001 118935
003 http://catalogue.bnf.fr/ark:/12148/cb15502854b
005 20240512051141.0
010    $a 0000000078482063 $2 ISNI $d 20170818
033    $a http://catalogue.bnf.fr/ark:/12148/cb15502854b
035    $a FRBNF155028548
100    $a 20070124afrey50      ba0
101    $a kor
102    $a KR
103    $a  1974               
105    $a a
106    $a 1  
120    $a b
152    $c 2 $b NP
200    $7 ba0yba0y $8 frekor $9  1  $a Kang $b Full $f 1974-....
300 0  $a Pseudonyme de Kang Do-young
400    $5 e $7 ba0yba0y $8 frekor $9     $a Gang $b Pool $f 1974-....
400    $7 ba0yba0y $8 frekor $9     $a Kang $b Do-young $f 1974-....
400    $7 ba0yba0y $8 frekor $9     $a Gang $b To-Yōñ $f 1974-....
400    $7 ba0yba0y $8 frekor $9     $a Do-young $b Kang $f 1974-....
400    $5 e $7 ba0yka0y $8 frekor $9     $a Full $b Kang $f 1974-....
700    $7 ba0yba0y $8 frekor $9  0  $a Kañ $b Pʹul $f 1974-....
700    $7 ba0yka0y $8 frekor $9  0  $a 강풀 $f 1974-....
801    $a FR $b FR-751131015 $c 20070305
810    $a Appartement / Kang Full, 2006-
810    $a Internet - http://bd.casterman.com/bio/castKangfull (2007-01-24) $a National library of Korea - http://nl.go.kr (2007-03-05)
810    $a BnF Service coréen
856    $u http://bd.casterman.com/bio/castKangfull $e 2007-01-24 $u http://nl.go.kr $e 2007-03-05
999    $a FRBNF155028548 $b 15502854

