01045cx  a2200265   4500
001 119089
003 http://catalogue.bnf.fr/ark:/12148/cb16704079f
005 20240512051330.0
010    $a 0000000418367003 $2 ISNI $d 20150313
033    $a http://catalogue.bnf.fr/ark:/12148/cb16704079f
035    $a FRBNF16704079X
100    $a 20130812afrey50      ba0
101    $a fre $t eng
102    $a FR
103    $a  19..               
105    $a a
106    $a 1  
200    $7 ba0yba0y $8 fre    $9  0  $a Vadori $b Isabelle
300 0  $a Traductrice
801    $a FR $b FR-751131015 $c 20130812
810    $a Charley Davidson. 4, Quatrième tombe au fond / Darynda Jones ; traduit de l'anglais (États-Unis) par Isabelle Vadori, impr. 2013
810    $a Noosfere encyclopédie.littérature.traducteurs - http://www.noosfere.org/icarus/livres/auteur.asp?numauteur=2147194020&Niveau=Romans (2013-08-12)
856    $u http://www.noosfere.org/icarus/livres/auteur.asp?numauteur=2147194020&Niveau=Romans $e 2013-08-12
999    $a FRBNF16704079X $b 16704079
152    $b NP

