01077cx  a2200301   4500
001 119260
003 http://catalogue.bnf.fr/ark:/12148/cb14138238p
005 20240512052533.0
010    $a 0000000122768625 $2 VIAF $d 20130801
033    $a http://catalogue.bnf.fr/ark:/12148/cb14138238p
035    $a FRBNF141382387
039    $o OPP $a 14865513 $d 20071207
100    $a 20030310afrey50      ba0
101    $a ita
102    $a IT
103    $a  19210227  20001015 
105    $a a
106    $a 1  
120    $a b
152    $c 2 $b NP
200    $7 ba0yba0y $8 fre    $9  0  $a Sonego $b Rodolfo $f 1921-2000
300 0  $a Scénariste
301    $a Cavarzano (Italie) $b Rome (Italie)
801    $a FR $b FR-751131015 $c 20210201
810    $a L'argent de la vieille [Images animées] / Luigi Comencini, réal. ; Rodolfo Sonego, idée orig., scénario. StudioCanal, 2007
810    $a IMDb - https://www.imdb.com/name/nm0814242/?ref_=fn_al_nm_1 (2007-08-31) (2021-02-01)
856    $u https://www.imdb.com/name/nm0814242/?ref_=fn_al_nm_1 $e 2007-08-31 $e 2021-02-01
999    $a FRBNF141382387 $b 14138238

