00878cx  a2200277   4500
001 119439
003 http://catalogue.bnf.fr/ark:/12148/cb13206158z
005 20240512053250.0
010    $a 000000003482907X $2 VIAF $d 20130730
033    $a http://catalogue.bnf.fr/ark:/12148/cb13206158z
035    $a FRBNF132061585
039    $o OPL $a 01380144X
100    $a 19980414afrey50      ba0
101    $a fre
102    $a FR
103    $a  19600917           
105    $a a
106    $a 1  
120    $a b
200    $7 ba0yba0y $8 fre    $9  0  $a Jigourel $b Thierry $f 1960-....
300 0  $a Écrit aussi en italien
300 0  $a Journaliste. - Spécialiste des cultures et des pays celtiques
801    $a FR $b FR-751131015 $c 20050825
810    $a Les druides / Thierry Jigourel, 2003 $a Bretagne / [texte original de Thierry Jigourel], 2004
999    $a FRBNF132061585 $b 13206158
152    $b NP

