00936cx  a2200265   4500
001 119580
003 http://catalogue.bnf.fr/ark:/12148/cb12345264s
005 20240512053940.0
010    $a 0000000084130064 $2 VIAF $d 20130726
033    $a http://catalogue.bnf.fr/ark:/12148/cb12345264s
035    $a FRBNF123452649
039    $o OPL $a 009386489
100    $a 19931104afrey50      ba0
101    $a eng
102    $a US
103    $a  1944               
105    $a a
106    $a 1  
152    $c 2 $b NP
200    $7 ba0yba0y $8 fre    $9  0  $a Cooper $b Barbara T. $f 1944-....
300 0  $a Professeur de français à l'université du New Hampshire (en 1992). - Spécialiste du théâtre français du XIXe siècle
801    $a FR $b FR-751131015 $c 20210603
810    $a Modernity and revolution in late nineteenth-century France / ed. by Barbara T. Cooper and Mary Donaldson-Evans, 1992
810    $a LCNA, 1992
999    $a FRBNF123452649 $b 12345264

