02591cx  a2200433   4500
001 119720
003 http://catalogue.bnf.fr/ark:/12148/cb150157455
005 20240512054546.0
033    $a http://catalogue.bnf.fr/ark:/12148/cb150157455
035    $a FRBNF150157457
100    $a 20051026afrey50      ba0
106    $a 211
152    $b SNC $c 2
159    $a rameau
250    $7 ba0yba0y $8 fre    $9     $a Transnationalisme
450    $7 ba0yba0y $8 fre    $9     $a Double appartenance (sciences sociales)
450    $7 ba0yba0y $8 fre    $9     $a Migration internationale
450    $7 ba0yba0y $8 fre    $9     $a Migration transnationale
450    $7 ba0yba0y $8 fre    $9     $a Réseaux sociaux transnationaux
450    $7 ba0yba0y $8 fre    $9     $a Transmigrants
450    $7 ba0yba0y $8 fre    $9     $a Transmigration (mobilité internationale)
550    $5 z $0 Voir aussi $3 17168615 $7 ba0yba0y $8 fre    $9     $a Cinéma et transnationalisme
550    $5 z $0 Voir aussi $3 12490199 $7 ba0yba0y $8 fre    $9     $a Diasporas
550    $5 z $0 Voir aussi $3 16958657 $7 ba0yba0y $8 fre    $9     $a Droit transnational
550    $5 z $0 Voir aussi $3 16142024 $7 ba0yba0y $8 fre    $9     $a Main-d'oeuvre $x Mobilité internationale
550    $5 z $0 Voir aussi $3 18060603 $7 ba0yba0y $8 fre    $9     $a Métaspora
550    $5 z $0 Voir aussi $3 12569446 $7 ba0yba0y $8 fre    $9     $a Mondialisation
550    $5 h $3 16694314 $7 ba0yba0y $8 fre    $9     $a Familles transnationales
550    $5 h $3 15109711 $7 ba0yba0y $8 fre    $9     $a Vote à l'étranger
550    $5 g $3 13318340 $7 ba0yba0y $8 fre    $9     $a Émigration et immigration
550    $5 g $3 11976886 $7 ba0yba0y $8 fre    $9     $a Relations internationales
686    $a 300 $c Sciences sociales $2 Note de regroupement par domaine
686    $a 320 $c Sciences politiques $2 Note de regroupement par domaine
801    $a FR $b FR-751131015 $c 20230127
810    $a Le transnationalisme politique : pouvoir des communautés immigrées dans leurs pays d'accueil et pays d'origine / J.-M. Lafleur, 2005 $a L'Europe en mouvement : la migration de la fin du XVIIIe siècle à nos jours / K. J. Bade, 2002 $a How national citizenship shapes transnationalism. A comparative analysis of migrant claims-making in Germany, Great Britain and the Netherlands / R. Koopmans, P. Statham [in] Revue européenne des migrations internationales, 2001, 17-2 (p. 63-100) - http://www.persee.fr (2017-12-27)
822 12 $a Transnationalism $2 LCSH $u http://id.loc.gov/authorities/subjects/sh00009276 $d 2023-01-27
822 12 $a Transnationalisme $2 RVMLaval $d 2023-01-27
856    $u http://www.persee.fr $e 2017-12-27
999    $a FRBNF150157457 $b 15015745

