00764cx  a2200265   4500
001 119844
003 http://catalogue.bnf.fr/ark:/12148/cb120413579
005 20240516035540.0
010    $a 0000000078304371 $2 VIAF $d 20130724
033    $a http://catalogue.bnf.fr/ark:/12148/cb120413579
035    $a FRBNF120413573
039    $o OPL $a 003378432
100    $a 19860101afrey50      ba0
101    $a fre
102    $a FR
103    $a  19510428           
105    $a a $a p
106    $a 1  
120    $a b
200    $7 ba0yba0y $8 fre    $9  0  $a Winter $b Jean-Pierre $f 1951-....
300 0  $a Psychanalyste
801    $a FR $b FR-751131015 $c 20051130
810    $a Les hommes politiques sur le divan / Jean-Pierre Winter, 1995
999    $a FRBNF120413573 $b 12041357
152    $b NP

