00831cx  a2200241   4500
001 119977
003 http://catalogue.bnf.fr/ark:/12148/cb15013385t
005 20240512055324.0
010    $a 0000000002194962 $2 ISNI $d 20150312
033    $a http://catalogue.bnf.fr/ark:/12148/cb15013385t
035    $a FRBNF150133851
100    $a 20051019afrey50      ba0
101    $a fre $t eng
102    $a FR
103    $a  19..               
105    $a a
106    $a 1  
120    $a a
200    $7 ba0yba0y $8 fre    $9  0  $a Magne $b Adeline
801    $a FR $b FR-751131015 $c 20051025
810    $a La conduite de l'entretien psychiatrique / Shawn Christopher Shea ; coordination scientifique de l'édition française, Jean-Louis Terra, Monique Séguin ; traduit de l'anglais par Adeline Magne, DL 2005
999    $a FRBNF150133851 $b 15013385
152    $b NP

