00875nx  a2200253   4500
001 120110
003 http://catalogue.bnf.fr/ark:/12148/cb16955063p
005 20240512060020.0
010    $a 0000000066116840 $2 ISNI $d 20160217
033    $a http://catalogue.bnf.fr/ark:/12148/cb16955063p
035    $a FRBNF169550638
100    $a 20150325afrey50      ba0
101    $a eng
102    $a GB
103    $a  1951               
105    $a a
106    $a 1  
120    $a b
152    $c 2 $b NP
200    $7 ba0yba0y $8 fre    $9  0  $a Prebble $b Stuart $f 1951-....
300 0  $a Romancier. - Anciennement journaliste et producteur à la télévision britannique
801    $a FR $b FR-751131015 $c 20150325
810    $a Le maître des insectes [Texte imprimé] : roman / Stuart Prebble ; traduit de l'anglais par Caroline Bouet. - [Paris] : Denoël, DL 2015.
999    $a FRBNF169550638 $b 16955063

