00780cx  a2200265   4500
001 120265
003 http://catalogue.bnf.fr/ark:/12148/cb13504268k
005 20240514023005.0
010    $a 0000000083893967 $2 VIAF $d 20130730
033    $a http://catalogue.bnf.fr/ark:/12148/cb13504268k
035    $a FRBNF135042686
039    $o OPL $a 014585610
100    $a 19990908afrey50      ba0
101    $a eng
102    $a GB
103    $a  19..               
105    $a a
106    $a 1  
120    $a b
152    $c 2 $b NP
200    $7 ba0yba0y $8 fre    $9  0  $a Andreae $b Giles
300 0  $a Auteur d'ouvrages pour la jeunesse
801    $a FR $b FR-751131015 $c 20090304
810    $a Il y a une maison dans ma maman / Giles Andreae, Vanessa Cabban, DL 2008
999    $a FRBNF135042686 $b 13504268

