01033cx  a2200277   4500
001 120393
003 http://catalogue.bnf.fr/ark:/12148/cb15615056x
005 20240513080016.0
010    $a 0000000004658150 $2 VIAF $d 20130806
033    $a http://catalogue.bnf.fr/ark:/12148/cb15615056x
035    $a FRBNF156150569
100    $a 20080320afrey50      ba0
101    $a fre
102    $a FR
103    $a  1978               
105    $a a
106    $a 1  
120    $a a
200    $7 ba0yba0y $8 fre    $9  0  $a Verdier-Molinié $b Agnès $f 1978-....
300 0  $a Diplômée d'histoire économique contemporaine. - Vice-présidente de l'IFRAP (Institut français pour la recherche sur les administrations publiques) (en 2007)
400    $7 ba0yba0y $8 fre    $9     $a Molinié $b Agnès Verdier- $f 1978-....
801    $a FR $b FR-751131015 $c 20130927
810    $a La mondialisation va-t-elle nous tuer ? / Agnès Verdier-Molinié, impr. 2008
810    $a Libération, 2013-09-26 [portrait], p. 32
999    $a FRBNF156150569 $b 15615056
152    $b NP

