01049cx  a2200253   4500
001 120544
003 http://catalogue.bnf.fr/ark:/12148/cb169269404
005 20240509051632.0
010    $a 0000000442491573 $2 ISNI $d 20160217
033    $a http://catalogue.bnf.fr/ark:/12148/cb169269404
035    $a FRBNF169269406
100    $a 20141125afrey50      ba0
101    $a fre
102    $a FR
103    $a  19740506           
105    $a a
106    $a 1  
120    $a a
200    $7 ba0yba0y $8 fre    $9  0  $a Frédiani $b Vérane $f 1974-....
300 0  $a Diplômée de l'Edhec, École des hautes études commerciales. - Distributrice et productrice de longs métrages. - Réalisatrice, auteur et photographe
801    $a FR $b FR-751131015 $c 20190418
810    $a Steak (r)évolution [Texte imprimé] : à la recherche du meilleur steack du monde / Franck Ribière, Vérane Frédiani ; préface d'Yves-Marie Le Bourdonnec. - Paris : La Martinière, impr. 2014. $a Elles cuisinent / Vérane Frédiani, DL 2018
999    $a FRBNF169269406 $b 16926940
152    $b NP

