00906cx  a2200253   4500
001 120670
003 http://catalogue.bnf.fr/ark:/12148/cb16259691b
005 20230709031853.0
010    $a 0000000120359772 $2 VIAF $d 20130807
033    $a http://catalogue.bnf.fr/ark:/12148/cb16259691b
035    $a FRBNF162596914
100    $a 20110126afrey50      ba0
101    $a fre
102    $a FR
103    $a  1979    ?          
105    $a a
106    $a 1  
120    $a a
200    $7 ba0yba0y $8 fre    $9  0  $a Cousin $b Marie $f 1979?-....
300 0  $a Diplomée de l'Institut d'études politiques de Lille et de l'Institut français de presse. - Journaliste indépendante (en 2010)
801    $a FR $b FR-751131015 $c 20110126
810    $a Le pouvoir des grandes familles / Marie Cousin avec la rédaction de "l'Express" ; [préface de Christophe Barbier, impr. 2010
999    $a FRBNF162596914 $b 16259691
152    $b NP

