00997cx  a2200277   4500
001 120803
003 http://catalogue.bnf.fr/ark:/12148/cb11921638v
005 20240514021227.0
010    $a 0000000361419190 $2 ISNI $d 20160215
033    $a http://catalogue.bnf.fr/ark:/12148/cb11921638v
035    $a FRBNF11921638X
039    $o OPL $a 001276610
100    $a 19820928afrey50      ba0
101    $a fre
102    $a FR
103    $a  19480401           
105    $a a
106    $a 1  
120    $a b
200    $7 ba0yba0y $8 fre    $9  0  $a Revault $b Jean-Yves $f 1948-....
300 0  $a Conseiller en communication. - Animateur d'ateliers d'écriture
400    $7 ba0yba0y $8 fre    $9     $a Revault $b JY $f 1948-....
801    $a FR $b FR-751131015 $c 20180611
810    $a Écrire pour se guérir / Jean-Yves Revault, 1996 $a Nos seins ne seront plus des monts piétinés par des hordes sauvages / Collectif féminin ; [sous la direction de] JY Revault, DL 2016
999    $a FRBNF11921638X $b 11921638
152    $b NP

