00869cx  a2200253   4500
001 120947
003 http://catalogue.bnf.fr/ark:/12148/cb140849015
005 20240514022005.0
010    $a 0000000003217484 $2 VIAF $d 20130801
033    $a http://catalogue.bnf.fr/ark:/12148/cb140849015
035    $a FRBNF140849012
100    $a 20030310afrey50      ba0
101    $a fre
102    $a FR
103    $a  1971               
105    $a a
106    $a 1  
120    $a b
200    $7 ba0yba0y $8 fre    $9  0  $a Canto $b Siegfried $f 1971-....
300 0  $a Compositeur de musique électroacoustique
801    $a FR $b FR-751131015 $c 20131105
810    $a Tu penses donc je te suis [Ressource électronique] / Magali Desbazeille et Siegfried Canto, In : Lauréats multi-média au concours de Bourges [Ressource électronique], 2001
999    $a FRBNF140849012 $b 14084901
152    $b NP

