00938cx  a2200277   4500
001 121088
003 http://catalogue.bnf.fr/ark:/12148/cb16925931x
005 20240514022152.0
010    $a 0000000442473850 $2 ISNI $d 20160217
033    $a http://catalogue.bnf.fr/ark:/12148/cb16925931x
035    $a FRBNF169259312
100    $a 20141120afrey50      ba0
101    $a fre
102    $a TN
103    $a  19..               
105    $a a
106    $a 1  
120    $a b
152    $c 2 $b NP
200    $7 ba0yba0y $8 fre    $9  0  $a Ben Cheikh $b Mehdi
300 0  $a Galeriste à Paris, 13e arrondissement, France (en 2014)
400    $7 ba0yba0y $8 fre    $9     $a Cheikh $b Mehdi Ben
801    $a FR $b FR-751131015 $c 20141121
810    $a Tour Paris 13 [Texte imprimé] : l'événement street art / Mehdi Ben Cheikh. - Paris : A. Michel : Galerie Itinerrance, DL 2014
856    $u http://itinerrance.fr/ $e 2014-11-21
999    $a FRBNF169259312 $b 16925931

