00982cx  a2200289   4500
001 121221
003 http://catalogue.bnf.fr/ark:/12148/cb138933816
005 20240514023025.0
010    $a 0000000054892092 $2 ISNI $d 20131217
033    $a http://catalogue.bnf.fr/ark:/12148/cb138933816
035    $a FRBNF13893381X
039    $o OPL $a 010039496
039    $o OPP $a 14888283 $d 20070131
100    $a 19890601afrey50      ba0
102    $a FR
103    $a  19530714           
105    $a a $a i
106    $a 010
120    $a a
200    $7 ba0yba0y $8 fre    $9  0  $a Dorothée $f 1953-....
300    $a Animatrice de télévision. - Chanteuse et actrice de cinéma. - Pseudonyme de Frédérique Hoschedé
530    $5 z $3 17765056 $a Club Dorothée (émission télévisée)
801    $a FR $b FR-751131015 $c 20240328
810    $a Dorothée chante Noël [Multimédia multisupport], 1982
810    $a WW, France 2009 $a Libération, 1999-08-16
999    $a FRBNF13893381X $b 13893381
152    $b NP

