02183cx  a2200337   4500
001 121356
003 http://catalogue.bnf.fr/ark:/12148/cb12463377h
005 20240514023914.0
033    $a http://catalogue.bnf.fr/ark:/12148/cb12463377h
035    $a FRBNF124633773
039    $o OPL $a 011427320
100    $a 19950512afrey50      ba0
106    $a 211
152    $b SNC $c 2
159    $a rameau
250    $7 ba0yba0y $8 fre    $9     $a Virus Ebola
300 1  $a Rang taxonomique : genre
450    $7 ba0yba0y $8 fre    $9     $a Ebola virus
450    $7 ba0yba0y $8 fre    $9  0  $a Ebolavirus
450    $7 ba0yba0y $8 fre    $9     $a Virus de la fièvre Ebola
550    $5 z $0 Voir aussi $3 12463382 $7 ba0yba0y $8 fre    $9     $a Maladie à virus Ebola
550    $5 g $3 12463356 $7 ba0yba0y $8 fre    $9     $a Filoviridés
686    $a 579 $2 Note de regroupement par domaine
801    $a FR $b FR-751131015 $c 20121119
810    $a Encycl. Larousse - http://www.larousse.fr/encyclopedie (2012-11-19) $a Encycl. universalis (art. : Fièvres hémorragiques virales) - http://www.universalis-edu.com (2012-11-19)
810    $a Dict. de biologie / J. Berthet, 2007 (art. : Filoviridés) $a Dict. illustré des termes de médecine, 2008 $a Dict. des sciences animales / C. Meyer (art. : Filoviridés) - http://dico-sciences-animales.cirad.fr (2012-11-19) $a TermSciences (art. : Ebolavirus) - http://www.termsciences.fr (2012-11-19) $a NCBI : Ebolavirus - http://www.ncbi.nlm.nih.gov/Taxonomy (2012-11-19) $a Dict. de médecine Flammarion, 2008 : Ebola virus $a Dict. de l'Académie de médecine : Ebola (virus) - http://dictionnaire.academie-medecine.fr (2012-11-19) $a International Committee on Taxonomy of Viruses : Ebolavirus - http://ictvonline.org (2012-11-12)
822 12 $a Virus Ebola $2 RVMLaval $d 2012-11-19
822 11 $2 LCSH $d 2012-11-19
856    $u http://www.larousse.fr/encyclopedie $e 2012-11-19 $u http://www.universalis-edu.com $e 2012-11-19
856    $u http://dico-sciences-animales.cirad.fr $e 2012-11-19 $u http://www.termsciences.fr $e 2012-11-19 $u http://www.ncbi.nlm.nih.gov/Taxonomy $e 2012-11-19 $u http://dictionnaire.academie-medecine.fr $e 2012-11-19 $u http://ictvonline.org $e 2012-11-12
999    $a FRBNF124633773 $b 12463377

