00742cx  a2200253   4500
001 121502
003 http://catalogue.bnf.fr/ark:/12148/cb16797270g
005 20240519061848.0
010    $a 0000000437058679 $2 ISNI $d 20160217
033    $a http://catalogue.bnf.fr/ark:/12148/cb16797270g
035    $a FRBNF167972701
100    $a 20140813afrey50      ba0
101    $a eng
102    $a GB
103    $a  19..               
105    $a a
106    $a 1  
120    $a b
152    $c 2 $b NP
200    $7 ba0yba0y $8 fre    $9  0  $a Newman $b Ben
300 0  $a Illustrateur
801    $a FR $b FR-751131015 $c 20150316
810    $a Professeur Astrocat aux frontières de l'espace / Dr Dominic Walliman, Ben Newman, DL 2014
999    $a FRBNF167972701 $b 16797270

