00842cx  a2200229   4500
001 121680
003 http://catalogue.bnf.fr/ark:/12148/cb169969997
005 20240514024845.0
010    $a 0000000458170088 $2 ISNI $d 20161107
033    $a http://catalogue.bnf.fr/ark:/12148/cb169969997
035    $a FRBNF169969999
100    $a 20151012afrey50      ba0
101    $a fre
102    $a FR
103    $a  19..               
105    $a a
106    $a 1  
200    $7 ba0yba0y $8 fre    $9  0  $a Navarro $b Marie $f 19..-.... $c rewriter
801    $a FR $b FR-751131015 $c 20151013
810    $a N'oublie pas d'aller chercher Armelle ! [Texte imprimé] : du Nord-Pas-de-Calais à la région parisienne, le chemin d'une vie / Armelle Rieuf ; avec la collaboration de Marie Navarro. - Paris : l'Harmattan, DL 2015.
999    $a FRBNF169969999 $b 16996999
152    $b NP

