00815cx  a2200265   4500
001 121816
003 http://catalogue.bnf.fr/ark:/12148/cb125284958
005 20240514025737.0
010    $a 0000000000294572 $2 VIAF $d 20130729
033    $a http://catalogue.bnf.fr/ark:/12148/cb125284958
035    $a FRBNF125284958
039    $o OPL $a 012744619
100    $a 19960916afrey50      ba0
101    $a fre
102    $a FR
103    $a  19..               
105    $a a
106    $a 1  
120    $a a
200    $7 ba0yba0y $8 fre    $9  0  $a Villaud $b Isabelle
300 0  $a Études d'histoire de l'art. - Auteur de guides touristiques
801    $a FR $b FR-751131015 $c 20080708
810    $a À New York / [Isabelle Villaud], 1996 $a Californie / Isabelle Villaud, impr. 2008
999    $a FRBNF125284958 $b 12528495
152    $b NP

