00645nx  a2200229   4500
001 121968
003 http://catalogue.bnf.fr/ark:/12148/cb16547722m
005 20240514030717.0
033    $a http://catalogue.bnf.fr/ark:/12148/cb16547722m
035    $a FRBNF165477228
100    $a 20111103afrey50      ba0
101    $a fre
102    $a FR
103    $a  19..               
105    $a a
106    $a 1  
120    $a b
200    $7 ba0yba0y $8 fre    $9  0  $a Sécher $b Hervé
801    $a FR $b FR-751131015 $c 20111103
810    $a Léo a grandi / [textes de Claire Clément et Hervé Sécher], DL 2011
999    $a FRBNF165477228 $b 16547722
152    $b NP

