00596cx  a2200205   4500
001 122117
003 http://catalogue.bnf.fr/ark:/12148/cb11934713q
005 20240515040850.0
033    $a http://catalogue.bnf.fr/ark:/12148/cb11934713q
035    $a FRBNF119347133
039    $o OPL $a 001561164
100    $a 19810213afrey50      ba0
106    $a 210
152    $b SNG $c 2
159    $a rameau
215    $7 ba0yba0y $8 fre    $9     $a Afrique $z 1945-1960
686    $a 950 $2 Note de regroupement par domaine
801    $a FR $b FR-751131015 $c 20030106
815    $a Laval RVM, 2001-07
999    $a FRBNF119347133 $b 11934713

