00754nx  a2200253   4500
001 122234
003 http://catalogue.bnf.fr/ark:/12148/cb16977297f
005 20240515041643.0
010    $a 0000000451002241 $2 ISNI $d 20161107
033    $a http://catalogue.bnf.fr/ark:/12148/cb16977297f
035    $a FRBNF169772973
100    $a 20150709afrey50      ba0
101    $a fre
102    $a FR
103    $a  1986               
105    $a a
106    $a 1  
120    $a a
200    $7 ba0yba0y $8 fre    $9  0  $a Costa $b Elena $f 1986-....
300 0  $a Romancière
801    $a FR $b FR-751131015 $c 20150709
810    $a Daniel Avner a disparu [Texte imprimé] : roman / Elena Costa. - [Paris] : Gallimard, DL 2015.
999    $a FRBNF169772973 $b 16977297
152    $b NP

