01052cx  a2200277   4500
001 122378
003 http://catalogue.bnf.fr/ark:/12148/cb16613487z
005 20240515042420.0
010    $a 0000000378355461 $2 VIAF $d 20130808
033    $a http://catalogue.bnf.fr/ark:/12148/cb16613487z
035    $a FRBNF16613487X
100    $a 20120719afrey50      ba0
101    $a fre
102    $a FR
103    $a  19710701           
105    $a a
106    $a 1  
120    $a b
200    $7 ba0yba0y $8 fre    $9  0  $a Jacoulot $b Raphaël $f 1971-....
300 0  $a Réalisateur et scénariste
801    $a FR $b FR-751131015 $c 20211223
810    $a Avant l'aube [Images animées] / Raphaël Jacoulot, réal., scénario. TF1 vidéo, [2012]
810    $a IMDB - https://www.imdb.com/name/nm1292833 (2021-12-23) $a Wikipédia - https://fr.wikipedia.org/wiki/Rapha%C3%ABl_Jacoulot (2021-12-23)
856    $u https://www.imdb.com/name/nm1292833/ $e 2021-12-23 $u https://fr.wikipedia.org/wiki/Rapha%C3%ABl_Jacoulot $e 2021-12-23
999    $a FRBNF16613487X $b 16613487
152    $b NP

