01408cx  a2200289   4500
001 122535
003 http://catalogue.bnf.fr/ark:/12148/cb161544426
005 20240515043200.0
010    $a 0000000073000328 $2 VIAF $d 20130807
033    $a http://catalogue.bnf.fr/ark:/12148/cb161544426
035    $a FRBNF161544423
100    $a 20091105afrey50      ba0
101    $a fre
102    $a FR
103    $a  19771105           
105    $a a
106    $a 010
120    $a b
200    $7 ba0yba0y $8 fre    $9  0  $a Margaine $b Sylvain $f 1977-....
300    $a Photographe
686    $a 770 $c Photographie $2 Note de regroupement par domaine
801    $a FR $b FR-751131015 $c 20170127
810    $a Forbidden places / [photographies de] Sylvain Margaine, DL 2009 $a Temps suspendu [Texte imprimé] : exploration urbaine : Sylvain Margaine, Henk Van Rensbergen, Romain Veillon : [exposition, Paris, Musée de la poste, Espace Niemeyer, 17 septembre-18 décembre 2016]. - Paris : Musée de la poste ; Milano : SilvanaEditoriale, DL 2016.
810    $a Site de l'auteur - http://www.forbidden-places.net (2009-11-05) $a Photographie HDR - http://www.photo-hdr.com/interview-photographe/interview-de-sylvain-margaine (2009-11-05)
856    $u http://www.forbidden-places.net/ $e 2009-11-05 $u http://www.photo-hdr.com/interview-photographe/interview-de-sylvain-margaine $e 2009-11-05
999    $a FRBNF161544423 $b 16154442
152    $b NP

00196    a2200085   4500
001 122678
005 20160124233755.0
240    $a Petit $b Roland $f 1924-.... $x Bandes vidéos
100    $a 20160124afrey50      ba0
152    $b SAUTTIT

00194    a2200085   4500
001 123045
005 20160124235004.0
210    $a Confrérie du Puy Notre Dame $c Amiens, Somme
100    $a 20160124afrey50      ba0
152    $b CO

00207    a2200085   4500
001 123195
005 20160124235013.0
210    $a France $b Ministère de l'environnement et du cadre de vie
100    $a 20160124afrey50      ba0
152    $b CO

00195    a2200085   4500
001 123423
005 20160124235027.0
210    $a Centre d'études de l'Asie mineure $c Athènes
100    $a 20160124afrey50      ba0
152    $b CO

00173    a2200085   4500
001 123701
005 20160124235041.0
210    $a Musée du sport $c Paris
100    $a 20160124afrey50      ba0
152    $b CO

00193    a2200085   4500
001 123976
005 20160124235054.0
210    $a Club d'histoire de Croix $c Nord $c roubaisien
100    $a 20160124afrey50      ba0
152    $b CO

00218    a2200085   4500
001 124694
005 20160124235124.0
210    $a Roubaix $c Nord $c roubaisien $b Direction générale de l'action sociale
100    $a 20160124afrey50      ba0
152    $b CO

00209    a2200085   4500
001 124862
005 20160124235705.0
210    $a Hippodrome-théâtre de Roubaix $c Roubaix, Nord $x Programmes
100    $a 20160124afrey50      ba0
152    $b CO

00205    a2200085   4500
001 125022
005 20160124235137.0
210    $a France $b Ministère de la culture et de la Francophonie
100    $a 20160124afrey50      ba0
152    $b CO

00231    a2200085   4500
001 125287
005 20160124235146.0
210    $a Collège Elsa Triolet $c Hem, Nord $c roubaisien $b Section d'éducation spécialisée
100    $a 20160124afrey50      ba0
152    $b CO

00209    a2200085   4500
001 125734
005 20160125000049.0
210    $a Coopérative des adhérents de la MAIF $c France $x Catalogues
100    $a 20160124afrey50      ba0
152    $b CO

00173    a2200085   4500
001 126179
005 20160124235247.0
210    $a Nord nature Saint-Omer
100    $a 20160124afrey50      ba0
152    $b CO

00231    a2200085   4500
001 126463
005 20160124235640.0
210    $a Strings Attached Puppet Theatre $c Wellington, Nouvelle-Zélande $x Représentations
100    $a 20160124afrey50      ba0
152    $b CO

00168    a2200085   4500
001 126789
005 20160124235318.0
210    $a Lombardie $c Italie
100    $a 20160124afrey50      ba0
152    $b CO

00201    a2200085   4500
001 127042
005 20160124235335.0
210    $a Editions du Phylactère $c Roubaix, Nord $x Catalogues
100    $a 20160124afrey50      ba0
152    $b CO

00193    a2200085   4500
001 127670
005 20160124235405.0
210    $a Société pour l'industrie chimique $c Bâle
100    $a 20160124afrey50      ba0
152    $b CO

00201    a2200085   4500
001 128104
005 20160124235428.0
210    $a Fédération française de la randonnée pédestre
100    $a 20160124afrey50      ba0
152    $b CO

00207    a2200085   4500
001 128390
005 20160124235444.0
210    $a Bibliothèque Mazarine $c Paris $x Bibliographie $x Catalogues
100    $a 20160124afrey50      ba0
152    $b CO

00204    a2200085   4500
001 128693
005 20160124235504.0
210    $a Association des artisans de Roubaix $c Nord $c roubaisien
100    $a 20160124afrey50      ba0
152    $b CO

00176    a2200085   4500
001 128993
005 20160124235524.0
210    $a France $b Intendance $e Lille
100    $a 20160124afrey50      ba0
152    $b CO

00246    a2200085   4500
001 129354
005 20160124235557.0
210    $a Confédération française démocratique du travail $b Syndicat de l'enseignement privé primaire
100    $a 20160124afrey50      ba0
152    $b CO

00210    a2200085   4500
001 130052
005 20160124235636.0
210    $a Théâtre de marionnettes Espiral $c Mexico $x Représentations
100    $a 20160124afrey50      ba0
152    $b CO

00200    a2200085   4500
001 130319
005 20160124235706.0
210    $a Association des maires du Nord et de l'Est $c Lille
100    $a 20160124afrey50      ba0
152    $b CO

00173    a2200085   4500
001 130671
005 20160124235758.0
210    $a L. Carteret $c Paris
100    $a 20160124afrey50      ba0
152    $b CO

00206    a2200085   4500
001 130853
005 20160124235820.0
210    $a Les forçats de l'Avenir $c Roubaix, Nord $c roubaisien
100    $a 20160124afrey50      ba0
152    $b CO

00178    a2200085   4500
001 131028
005 20160124235836.0
210    $a Abbaye de Saint Amand $c Nord
100    $a 20160124afrey50      ba0
152    $b CO

00193    a2200085   4500
001 131325
005 20160124235901.0
210    $a Mouvement uni de la nouvelle gauche $c Paris
100    $a 20160124afrey50      ba0
152    $b CO

00214    a2200085   4500
001 131783
005 20160124235939.0
210    $a Archives municipales $c France $c Perpignan (Pyrénées Orientales)
100    $a 20160124afrey50      ba0
152    $b CO

00209    a2200085   4500
001 132131
005 20160125000010.0
210    $a Théâtre de la Biduline $c Saint-Herblain, Loire-Atlantique
100    $a 20160125afrey50      ba0
152    $b CO

00163    a2200085   4500
001 132496
005 20160125000039.0
210    $a Marine Place
100    $a 20160125afrey50      ba0
152    $b CO

00183    a2200085   4500
001 132720
005 20160125000101.0
210    $a Neckermann $c Strasbourg, Bas-Rhin
100    $a 20160125afrey50      ba0
152    $b CO

00178    a2200085   4500
001 132827
005 20160125000105.0
210    $a Fluide glacial-Audie $c Paris
100    $a 20160125afrey50      ba0
152    $b CO

00229    a2200085   4500
001 132935
005 20160125000109.0
210    $a Société des Amis du Musée National des Arts et Traditions Populaires $c Paris
100    $a 20160125afrey50      ba0
152    $b CO

00183    a2200085   4500
001 133037
005 20160125000113.0
210    $a Ed. de la Taupe rouge $c Paris
100    $a 20160125afrey50      ba0
152    $b CO

00207    a2200085   4500
001 133882
005 20160125000220.0
210    $a Journée mondiale du refus de la misère $y Roubaix (Nord)
100    $a 20160125afrey50      ba0
152    $b CO

00213    a2200085   4500
001 134706
005 20160125000311.0
210    $a Basse-Normandie $b Direction régionale des affaires culturelles
100    $a 20160125afrey50      ba0
152    $b CO

00212    a2200085   4500
001 135795
005 20160125000440.0
210    $a Syndicat mixte du canal de Roubaix $c Roubaix, Nord $c roubaisien
100    $a 20160125afrey50      ba0
152    $b CO

00215    a2200085   4500
001 136704
005 20160125000557.0
210    $a Société anonyme des établissements Ryo-Catteau $c Roubaix, Nord
100    $a 20160125afrey50      ba0
152    $b CO

00228    a2200085   4500
001 138491
005 20160125000747.0
210    $a Construction de machines textiles D. Deleure & Cie $c Roubaix, Nord $c roubaisien
100    $a 20160125afrey50      ba0
152    $b CO

00159    a2200085   4500
001 139492
005 20160125000944.0
210    $a Tevatron
100    $a 20160125afrey50      ba0
152    $b CO

00180    a2200085   4500
001 140438
005 20160125001430.0
230    $a Mimi (ballet) $x Bandes vidéos
100    $a 20160125afrey50      ba0
152    $b TU

00167    a2200085   4500
001 140981
005 20160125003203.0
220    $a Murat (famille)
100    $a 20160125afrey50      ba0
152    $b FAM

00186    a2200085   4500
001 141123
005 20160125004502.0
215    $a Roubaix (Nord) $x Quartier de l'Alma
100    $a 20160125afrey50      ba0
152    $b SNG

00194    a2200085   4500
001 141282
005 20160125004517.0
215    $a Strasbourg (Bas-Rhin) $x Ouvrages illustrés
100    $a 20160125afrey50      ba0
152    $b SNG

00172    a2200085   4500
001 141428
005 20160125004531.0
215    $a Grèce $z Civilisation
100    $a 20160125afrey50      ba0
152    $b SNG

00187    a2200085   4500
001 141575
005 20160125004603.0
215    $a Nord (France) $x Dans la littérature
100    $a 20160125afrey50      ba0
152    $b SNG

00193    a2200085   4500
001 141710
005 20160125004623.0
215    $a Roubaix (Nord) $z 1870-1914 $x Bandes vidéos
100    $a 20160125afrey50      ba0
152    $b SNG

00163    a2200085   4500
001 141975
005 20160125004720.0
215    $a Vimy (Nord)
100    $a 20160125afrey50      ba0
152    $b SNG

00182    a2200085   4500
001 142163
005 20160125004736.0
215    $a Italie $x Géographie historique
100    $a 20160125afrey50      ba0
152    $b SNG

00193    a2200085   4500
001 142295
005 20160125004749.0
215    $a Lyon (Rhône) $z 1834 (Révolte des Canuts)
100    $a 20160125afrey50      ba0
152    $b SNG

00186    a2200085   4500
001 142430
005 20160125004801.0
215    $a Roubaix (Nord) $x Mœurs et coutumes
100    $a 20160125afrey50      ba0
152    $b SNG

00194    a2200085   4500
001 142582
005 20160125004832.0
215    $a Espagne $z 14e siècle $x Pièces de théâtre
100    $a 20160125afrey50      ba0
152    $b SNG

00201    a2200085   4500
001 142755
005 20160125004915.0
215    $a Flandre (Comté) $x Relations $y Espagne $z 16e siècle
100    $a 20160125afrey50      ba0
152    $b SNG

00174    a2200085   4500
001 143013
005 20160125005001.0
215    $a Allemagne $z 19e siècle
100    $a 20160125afrey50      ba0
152    $b SNG

00203    a2200085   4500
001 143248
005 20160125005100.0
215    $a Avesnes-sur-Helpe (Nord ; région) $x Histoire locale
100    $a 20160125afrey50      ba0
152    $b SNG

00191    a2200085   4500
001 143425
005 20160125005206.0
215    $a Nord-Pas-de-Calais (France) $x Population
100    $a 20160125afrey50      ba0
152    $b SNG

00179    a2200085   4500
001 143777
005 20160125005332.0
215    $a Bruges (Belgique) $x Histoire
100    $a 20160125afrey50      ba0
152    $b SNG

00165    a2200085   4500
001 144187
005 20160125005431.0
215    $a Revue du Nord
100    $a 20160125afrey50      ba0
152    $b SNG

00178    a2200085   4500
001 144397
005 20160125005459.0
215    $a Nord (France) $z 17e siècle
100    $a 20160125afrey50      ba0
152    $b SNG

00209    a2200085   4500
001 144741
005 20160125005638.0
215    $a France $y Nord (France) $x Recherche $z 1870-1914 $x Périodiques
100    $a 20160125afrey50      ba0
152    $b SNG

00229    a2200085   4500
001 145258
005 20160125005932.0
215    $a Nord-Pas-de-Calais (France) $x Circuits touristiques $x Ouvrages pour la jeunesse
100    $a 20160125afrey50      ba0
152    $b SNG

00168    a2200085   4500
001 148466
005 20160125010748.0
200    $a Buriez $b Stéphane
100    $a 20160125afrey50      ba0
152    $b NP

00157    a2200085   4500
001 149761
005 20160125010808.0
200    $a Oliver
100    $a 20160125afrey50      ba0
152    $b NP

00213    a2200085   4500
001 150109
005 20160125010815.0
200    $a Bourbon $b Antoine de $c roi de Navarre $f 1518-1562 $x Correspondance
100    $a 20160125afrey50      ba0
152    $b NP

00165    a2200085   4500
001 150444
005 20160125010821.0
200    $a Candido $b Maria
100    $a 20160125afrey50      ba0
152    $b NP

00163    a2200085   4500
001 150731
005 20160125010828.0
200    $a Cotten $b Yann
100    $a 20160125afrey50      ba0
152    $b NP

00175    a2200085   4500
001 150993
005 20160125010833.0
200    $a Schwartzen $b Albrecht von
100    $a 20160125afrey50      ba0
152    $b NP

00164    a2200085   4500
001 151272
005 20160125010839.0
200    $a Biel $b Adolphe
100    $a 20160125afrey50      ba0
152    $b NP

00168    a2200085   4500
001 151553
005 20160125010844.0
200    $a Belevitch $b Vitold
100    $a 20160125afrey50      ba0
152    $b NP

00171    a2200085   4500
001 151915
005 20160125010848.0
200    $a Lamoot $b Jules $c Abbé
100    $a 20160125afrey50      ba0
152    $b NP

00162    a2200085   4500
001 152349
005 20160125010859.0
200    $a Fayet $b Yves
100    $a 20160125afrey50      ba0
152    $b NP

00168    a2200085   4500
001 152684
005 20160125010906.0
200    $a Fasquelle $b Daniel
100    $a 20160125afrey50      ba0
152    $b NP

00166    a2200085   4500
001 153009
005 20160125010914.0
200    $a Locoge $b Patrick
100    $a 20160125afrey50      ba0
152    $b NP

00163    a2200085   4500
001 153324
005 20160125010919.0
200    $a Poher $b Alain
100    $a 20160125afrey50      ba0
152    $b NP

00164    a2200085   4500
001 153693
005 20160125010929.0
200    $a Garry $b Claire
100    $a 20160125afrey50      ba0
152    $b NP

00167    a2200085   4500
001 154066
005 20160125010938.0
200    $a Delattre $b Félix
100    $a 20160125afrey50      ba0
152    $b NP

00169    a2200085   4500
001 154407
005 20160125010945.0
200    $a Masse $b Marie-José
100    $a 20160125afrey50      ba0
152    $b NP

00168    a2200085   4500
001 155084
005 20160125010958.0
200    $a Delerm $b François
100    $a 20160125afrey50      ba0
152    $b NP

00165    a2200085   4500
001 156763
005 20160125011029.0
200    $a Hespel $b Didier
100    $a 20160125afrey50      ba0
152    $b NP

00164    a2200085   4500
001 157776
005 20160125011051.0
200    $a Huard $b Albert
100    $a 20160125afrey50      ba0
152    $b NP

00169    a2200085   4500
001 158167
005 20160125011101.0
200    $a Maguet $b Frédéric
100    $a 20160125afrey50      ba0
152    $b NP

00194    a2200085   4500
001 158434
005 20160125011107.0
200    $a Carlson $b Carolyn $f 1942-.... $x Bandes vidéos
100    $a 20160125afrey50      ba0
152    $b NP

00178    a2200085   4500
001 158800
005 20160125011114.0
200    $a Prez $b Christine $c roubaisien
100    $a 20160125afrey50      ba0
152    $b NP

00182    a2200085   4500
001 159163
005 20160125011123.0
200    $a Picart le doux $b Jean $f 1902-1982
100    $a 20160125afrey50      ba0
152    $b NP

00166    a2200085   4500
001 159651
005 20160125011136.0
200    $a Droulez $b Régis
100    $a 20160125afrey50      ba0
152    $b NP

00169    a2200085   4500
001 160286
005 20160125011156.0
200    $a Benguigui $b Georges
100    $a 20160125afrey50      ba0
152    $b NP

00168    a2200085   4500
001 160948
005 20160125011215.0
200    $a Guerin $b Jean-Paul
100    $a 20160125afrey50      ba0
152    $b NP

00172    a2200085   4500
001 162164
005 20160125011245.0
200    $a Grohens $b Marie-Claude
100    $a 20160125afrey50      ba0
152    $b NP

00162    a2200085   4500
001 163180
005 20160125011325.0
200    $a Riolon $b Luc
100    $a 20160125afrey50      ba0
152    $b NP

00181    a2200085   4500
001 163800
005 20160125011343.0
200    $a Campagne $b Juliette $c roubaisien
100    $a 20160125afrey50      ba0
152    $b NP

00166    a2200085   4500
001 164157
005 20160125011352.0
200    $a Querleu $b Pierre
100    $a 20160125afrey50      ba0
152    $b NP

00166    a2200085   4500
001 164730
005 20160125011409.0
200    $a Levasseur $b Eric
100    $a 20160125afrey50      ba0
152    $b NP

00170    a2200085   4500
001 165047
005 20160125011417.0
200    $a Cannavo $b Bérénice
100    $a 20160125afrey50      ba0
152    $b NP

00167    a2200085   4500
001 165254
005 20160125011421.0
200    $a Huguier $b Jacques
100    $a 20160125afrey50      ba0
152    $b NP

00179    a2200085   4500
001 165614
005 20160125011428.0
200    $a Jurion $b Séraphin $f 1837-1929
100    $a 20160125afrey50      ba0
152    $b NP

00187    a2200085   4500
001 165911
005 20160125011432.0
200    $a Vanderdonckt $b Frédéric $c roubaisien
100    $a 20160125afrey50      ba0
152    $b NP

00163    a2200085   4500
001 166242
005 20160125011437.0
200    $a Aron $b Michel
100    $a 20160125afrey50      ba0
152    $b NP

00185    a2200085   4500
001 166540
005 20160125011443.0
200    $a Berdiaev $b Nikolaï Aleksandrovitch
100    $a 20160125afrey50      ba0
152    $b NP

00171    a2200085   4500
001 166789
005 20160125011448.0
200    $a Carrignon $b Christian
100    $a 20160125afrey50      ba0
152    $b NP

00174    a2200085   4500
001 167198
005 20160125011500.0
200    $a Gaillard $b Gabriel-Henri
100    $a 20160125afrey50      ba0
152    $b NP

00174    a2200085   4500
001 167462
005 20160125011507.0
200    $a Vincart $b Jean $c le Père
100    $a 20160125afrey50      ba0
152    $b NP

00171    a2200085   4500
001 167731
005 20160125011513.0
200    $a Bonnet-Rochaix $b Nade
100    $a 20160125afrey50      ba0
152    $b NP

00157    a2200085   4500
001 168085
005 20160125011522.0
200    $a Dufour
100    $a 20160125afrey50      ba0
152    $b NP

00185    a2200085   4500
001 168618
005 20160125011536.0
200    $a Quintelier $b Christophe $c roubaisien
100    $a 20160125afrey50      ba0
152    $b NP

00171    a2200085   4500
001 168987
005 20160125011546.0
200    $a Auger de Bousbecques
100    $a 20160125afrey50      ba0
152    $b NP

00167    a2200085   4500
001 169372
005 20160125011557.0
200    $a Bodenheim $b Nelly
100    $a 20160125afrey50      ba0
152    $b NP

00165    a2200085   4500
001 169878
005 20160125011609.0
200    $a Lesecq $b Alfred
100    $a 20160125afrey50      ba0
152    $b NP

00164    a2200085   4500
001 170315
005 20160125011622.0
200    $a Bayer $b Alfred
100    $a 20160125afrey50      ba0
152    $b NP

00169    a2200085   4500
001 170953
005 20160125011638.0
200    $a Delobbe $b François
100    $a 20160125afrey50      ba0
152    $b NP

00169    a2200085   4500
001 171563
005 20160125011657.0
200    $a Boutonne $b Hélène
100    $a 20160125afrey50      ba0
152    $b NP

00162    a2200085   4500
001 171819
005 20160125011702.0
200    $a Marchi $b Ann
100    $a 20160125afrey50      ba0
152    $b NP

00165    a2200085   4500
001 171976
005 20160125011704.0
200    $a Bazin $b Charley
100    $a 20160125afrey50      ba0
152    $b NP

00169    a2200085   4500
001 172413
005 20160125011716.0
200    $a Lantheaume $b Michel
100    $a 20160125afrey50      ba0
152    $b NP

00166    a2200085   4500
001 172668
005 20160125011721.0
200    $a Jérome $b Robert
100    $a 20160125afrey50      ba0
152    $b NP

00168    a2200085   4500
001 172870
005 20160125011723.0
200    $a Gruyer-Watrin $b J.
100    $a 20160125afrey50      ba0
152    $b NP

00163    a2200085   4500
001 173159
005 20160125011730.0
200    $a Pérez $b Nita
100    $a 20160125afrey50      ba0
152    $b NP

00168    a2200085   4500
001 173483
005 20160125011736.0
200    $a Authouart $b Daniel
100    $a 20160125afrey50      ba0
152    $b NP

00168    a2200085   4500
001 173967
005 20160125011750.0
200    $a Cavalier $b Auguste
100    $a 20160125afrey50      ba0
152    $b NP

00181    a2200085   4500
001 174255
005 20160125011757.0
200    $a Hamadouche $b Bachir $c roubaisien
100    $a 20160125afrey50      ba0
152    $b NP

00164    a2200085   4500
001 174633
005 20160125011806.0
200    $a Bethe $b Monica
100    $a 20160125afrey50      ba0
152    $b NP

00167    a2200085   4500
001 174934
005 20160125011814.0
200    $a Rancurel $b Robert
100    $a 20160125afrey50      ba0
152    $b NP

00166    a2200085   4500
001 175117
005 20160125011817.0
200    $a De Lugg $b Milton
100    $a 20160125afrey50      ba0
152    $b NP

00229    a2200085   4500
001 175289
005 20160125011820.0
200    $a Sabran $b Louise-Éléonore-Mélanie-Delphine de $c marquise de Custine $f 1770-1827
100    $a 20160125afrey50      ba0
152    $b NP

00167    a2200085   4500
001 175503
005 20160125011824.0
200    $a Rigolle $b Georges
100    $a 20160125afrey50      ba0
152    $b NP

00173    a2200085   4500
001 175908
005 20160125011836.0
200    $a Le Belley-Hertzog $c 730
100    $a 20160125afrey50      ba0
152    $b NP

00164    a2200085   4500
001 176177
005 20160125011843.0
200    $a Chauffard $b F.
100    $a 20160125afrey50      ba0
152    $b NP

00172    a2200085   4500
001 176424
005 20160125011848.0
200    $a Marinkovitch $b Georges
100    $a 20160125afrey50      ba0
152    $b NP

00171    a2200085   4500
001 176672
005 20160125011855.0
200    $a Fouchier $b Charles de
100    $a 20160125afrey50      ba0
152    $b NP

00171    a2200085   4500
001 176981
005 20160125011904.0
200    $a Greenberg $b Noah $c 340
100    $a 20160125afrey50      ba0
152    $b NP

00168    a2200085   4500
001 177332
005 20160125011913.0
200    $a Carfagna $b Daniela
100    $a 20160125afrey50      ba0
152    $b NP

00171    a2200085   4500
001 177662
005 20160125011921.0
200    $a Schröeder $b Philippe
100    $a 20160125afrey50      ba0
152    $b NP

00163    a2200085   4500
001 177918
005 20160125011928.0
200    $a Herlin $b Anne
100    $a 20160125afrey50      ba0
152    $b NP

00158    a2200085   4500
001 178166
005 20160125011935.0
200    $a Mulliez
100    $a 20160125afrey50      ba0
152    $b NP

00162    a2200085   4500
001 178680
005 20160125011952.0
200    $a Hefer $b Haim
100    $a 20160125afrey50      ba0
152    $b NP

00177    a2200085   4500
001 179370
005 20160125012010.0
200    $a Francescangeli $b Jean-Marie
100    $a 20160125afrey50      ba0
152    $b NP

00170    a2200085   4500
001 179772
005 20160125012020.0
200    $a Gardner $b W.- Arthur
100    $a 20160125afrey50      ba0
152    $b NP

00164    a2200085   4500
001 180671
005 20160125012049.0
200    $a Morsel $b Henri
100    $a 20160125afrey50      ba0
152    $b NP

00164    a2200085   4500
001 182024
005 20160125012127.0
200    $a Cueto $b Mireya
100    $a 20160125afrey50      ba0
152    $b NP

00170    a2200085   4500
001 182698
005 20160125012143.0
200    $a Nargeot $b Jean-Denis
100    $a 20160125afrey50      ba0
152    $b NP

00166    a2200085   4500
001 183225
005 20160125012154.0
200    $a Dinnaux $b Arthur
100    $a 20160125afrey50      ba0
152    $b NP

00164    a2200085   4500
001 183548
005 20160125012202.0
200    $a Balatka $b Nina
100    $a 20160125afrey50      ba0
152    $b NP

00164    a2200085   4500
001 183782
005 20160125012208.0
200    $a Jalade $b M.-A.
100    $a 20160125afrey50      ba0
152    $b NP

00177    a2200085   4500
001 184257
005 20160125012219.0
200    $a Huyghens $b Marc $c roubaisien
100    $a 20160125afrey50      ba0
152    $b NP

00163    a2200085   4500
001 184777
005 20160125012233.0
200    $a Crépy $b Paul
100    $a 20160125afrey50      ba0
152    $b NP

00166    a2200085   4500
001 185329
005 20160125012248.0
200    $a Bernard $b Claude
100    $a 20160125afrey50      ba0
152    $b NP

00164    a2200085   4500
001 186009
005 20160125012307.0
200    $a Genouille $b J.
100    $a 20160125afrey50      ba0
152    $b NP

00159    a2200085   4500
001 186248
005 20160125012313.0
200    $a Fromaget
100    $a 20160125afrey50      ba0
152    $b NP

00161    a2200085   4500
001 187591
005 20160125012352.0
200    $a Torfs $b Ana
100    $a 20160125afrey50      ba0
152    $b NP

00165    a2200085   4500
001 188000
005 20160125012405.0
200    $a Bac $b Ferdinand
100    $a 20160125afrey50      ba0
152    $b NP

00168    a2200085   4500
001 188738
005 20160125012428.0
200    $a Debesque $b Patrice
100    $a 20160125afrey50      ba0
152    $b NP

00168    a2200085   4500
001 189133
005 20160125012437.0
200    $a Lejeune $b F. $c Mgr.
100    $a 20160125afrey50      ba0
152    $b NP

00163    a2200085   4500
001 189664
005 20160125012452.0
200    $a Pennel $b Jean
100    $a 20160125afrey50      ba0
152    $b NP

00159    a2200085   4500
001 190194
005 20160125012510.0
200    $a Delannoy
100    $a 20160125afrey50      ba0
152    $b NP

00168    a2200085   4500
001 190620
005 20160125012524.0
200    $a Gosselet-Witz $b F.
100    $a 20160125afrey50      ba0
152    $b NP

00167    a2200085   4500
001 191120
005 20160125012540.0
200    $a Batut $b Guy de la
100    $a 20160125afrey50      ba0
152    $b NP

00178    a2200085   4500
001 191804
005 20160125012602.0
200    $a De Graeve $b René $f 1901-1957
100    $a 20160125afrey50      ba0
152    $b NP

00168    a2200085   4500
001 192369
005 20160125012622.0
200    $a Pryen $b Stéphanie
100    $a 20160125afrey50      ba0
152    $b NP

00165    a2200085   4500
001 192800
005 20160125012637.0
200    $a Dorat $b Evelyne
100    $a 20160125afrey50      ba0
152    $b NP

00158    a2200085   4500
001 193192
005 20160125012653.0
200    $a Frilley
100    $a 20160125afrey50      ba0
152    $b NP

00170    a2200085   4500
001 194054
005 20160125012723.0
200    $a Havet $b Marie-Louise
100    $a 20160125afrey50      ba0
152    $b NP

00163    a2200085   4500
001 194551
005 20160125012739.0
200    $a Grün $b Jules
100    $a 20160125afrey50      ba0
152    $b NP

00165    a2200085   4500
001 195521
005 20160125012806.0
200    $a Pasdoc $b André
100    $a 20160125afrey50      ba0
152    $b NP

00168    a2200085   4500
001 196068
005 20160125012820.0
200    $a Khanh $b Emmanuelle
100    $a 20160125afrey50      ba0
152    $b NP

00211    a2200085   4500
001 196874
005 20160125012858.0
200    $a César $b Jules $f 0100-0044 av. J.-C. $x Ouvrages paru avant 1800
100    $a 20160125afrey50      ba0
152    $b NP

00169    a2200085   4500
001 197182
005 20160125012908.0
200    $a Crétal $b Alexandre
100    $a 20160125afrey50      ba0
152    $b NP

00165    a2200085   4500
001 197504
005 20160125012924.0
200    $a Tillie $b Joseph
100    $a 20160125afrey50      ba0
152    $b NP

00180    a2200085   4500
001 198240
005 20160125012944.0
200    $a Dutertre $b Victor Marie Eugene
100    $a 20160125afrey50      ba0
152    $b NP

00164    a2200085   4500
001 199071
005 20160125013001.0
200    $a Derrick $b Dina
100    $a 20160125afrey50      ba0
152    $b NP

00171    a2200085   4500
001 200087
005 20160125013036.0
200    $a Delsinne $b Véronique
100    $a 20160125afrey50      ba0
152    $b NP

00168    a2200085   4500
001 200228
005 20160125013038.0
200    $a Blundall $b John M.
100    $a 20160125afrey50      ba0
152    $b NP

00167    a2200085   4500
001 200346
005 20160125013040.0
200    $a Mokeddem $b Aoucha
100    $a 20160125afrey50      ba0
152    $b NP

00174    a2200085   4500
001 200506
005 20160125013043.0
200    $a Schlichting Neto $b José
100    $a 20160125afrey50      ba0
152    $b NP

00166    a2200085   4500
001 200702
005 20160125013048.0
200    $a Guerrini $b Alain
100    $a 20160125afrey50      ba0
152    $b NP

00168    a2200085   4500
001 200897
005 20160125013051.0
200    $a Cava $b Michaël P.
100    $a 20160125afrey50      ba0
152    $b NP

00167    a2200085   4500
001 201043
005 20160125013054.0
200    $a Roussel $b Edouard
100    $a 20160125afrey50      ba0
152    $b NP

00169    a2200085   4500
001 201162
005 20160125013056.0
200    $a Renet $b Marcel $c Dr.
100    $a 20160125afrey50      ba0
152    $b NP

00168    a2200085   4500
001 201281
005 20160125013058.0
200    $a Cukierman $b Janine
100    $a 20160125afrey50      ba0
152    $b NP

00163    a2200085   4500
001 202084
005 20160125013122.0
200    $a Dumoulin $b B.
100    $a 20160125afrey50      ba0
152    $b NP

00165    a2200085   4500
001 203190
005 20160125013155.0
200    $a Luguet $b Marcel
100    $a 20160125afrey50      ba0
152    $b NP

00168    a2200085   4500
001 203520
005 20160125013205.0
200    $a Roudillon $b Michel
100    $a 20160125afrey50      ba0
152    $b NP

00166    a2200085   4500
001 204094
005 20160125013230.0
200    $a Schelbling $b Luc
100    $a 20160125afrey50      ba0
152    $b NP

00178    a2200085   4500
001 204528
005 20160125013245.0
200    $a Bedford $b Francis $f 1816-1894
100    $a 20160125afrey50      ba0
152    $b NP

00161    a2200085   4500
001 205615
005 20160125013325.0
200    $a Vertot $b P.
100    $a 20160125afrey50      ba0
152    $b NP

00189    a2200085   4500
001 206647
005 20160125013411.0
200    $a Le Breton $b André-François $f 1708-1779
100    $a 20160125afrey50      ba0
152    $b NP

00166    a2200085   4500
001 207153
005 20160125013429.0
200    $a Duprez $b Riquier
100    $a 20160125afrey50      ba0
152    $b NP

00165    a2200085   4500
001 207877
005 20160125013501.0
200    $a Meyer $b Gustave
100    $a 20160125afrey50      ba0
152    $b NP

00166    a2200085   4500
001 209066
005 20160125013538.0
200    $a Bonwitt $b Ingrid
100    $a 20160125afrey50      ba0
152    $b NP

00167    a2200085   4500
001 209670
005 20160125013603.0
200    $a Catrice $b Jacques
100    $a 20160125afrey50      ba0
152    $b NP

00167    a2200085   4500
001 210851
005 20160125013650.0
200    $a Schwaab $b Maurice
100    $a 20160125afrey50      ba0
152    $b NP

00157    a2200085   4500
001 212039
005 20160125013735.0
200    $a Gildas
100    $a 20160125afrey50      ba0
152    $b NP

00198    a2200085   4500
001 213226
005 20160125013823.0
200    $a Aragon $b Charles de Bancalis $f 1911-1986 $c marquis
100    $a 20160125afrey50      ba0
152    $b NP

00163    a2200085   4500
001 215384
005 20160125013936.0
200    $a Lumet $b Louis
100    $a 20160125afrey50      ba0
152    $b NP

00169    a2200085   4500
001 216879
005 20160125014031.0
200    $a Thurman $b Arthur B.
100    $a 20160125afrey50      ba0
152    $b NP

00171    a2200085   4500
001 217706
005 20160125014101.0
200    $a Domizlaff $b Hildegard
100    $a 20160125afrey50      ba0
152    $b NP

00170    a2200085   4500
001 219145
005 20160125014144.0
200    $a Doyelle $b Christelle
100    $a 20160125afrey50      ba0
152    $b NP

00167    a2200085   4500
001 221241
005 20160125014259.0
200    $a Mullier $b Jacques
100    $a 20160125afrey50      ba0
152    $b NP

00163    a2200085   4500
001 222827
005 20160125014401.0
200    $a Mihaely $b Gil
100    $a 20160125afrey50      ba0
152    $b NP

00165    a2200085   4500
001 227433
005 20160125014631.0
200    $a Dubois $b Pierre
100    $a 20160125afrey50      ba0
152    $b NP

00164    a2200085   4500
001 228748
005 20160125014708.0
200    $a Fanciulli $b G.
100    $a 20160125afrey50      ba0
152    $b NP

00164    a2200085   4500
001 229197
005 20160125014723.0
200    $a Profes $b Anton
100    $a 20160125afrey50      ba0
152    $b NP

00163    a2200085   4500
001 232387
005 20160125014912.0
200    $a Ames $b Gerald
100    $a 20160125afrey50      ba0
152    $b NP

00169    a2200085   4500
001 235492
005 20160125015018.0
200    $a Prouvost $b Amédée
100    $a 20160125afrey50      ba0
152    $b NP

00176    a2200085   4500
001 236478
005 20160125015204.0
250    $a Vignettes typographiques
100    $a 20160125afrey50      ba0
152    $b SNC

00191    a2200085   4500
001 236723
005 20160125015212.0
250    $a Clergé $y France $y Rouen (Seine maritime)
100    $a 20160125afrey50      ba0
152    $b SNC

00195    a2200085   4500
001 236864
005 20160125015217.0
250    $a Médecine $x Pratique $y France $y Roubaix (Nord)
100    $a 20160125afrey50      ba0
152    $b SNC

00205    a2200085   4500
001 236996
005 20160125015222.0
250    $a Fonds documentaires $y France $y Haute-Normandie (France)
100    $a 20160125afrey50      ba0
152    $b SNC

00173    a2200085   4500
001 237129
005 20160125015227.0
250    $a Seigneureries $y France
100    $a 20160125afrey50      ba0
152    $b SNC

00214    a2200085   4500
001 237255
005 20160125015231.0
250    $a Publicité $x Vente par correspondance $y France $y Wasquehal (Nord)
100    $a 20160125afrey50      ba0
152    $b SNC

00204    a2200085   4500
001 237495
005 20160125015238.0
250    $a Chansons picardes $y France $y Lille (Nord) $z 19e siècle
100    $a 20160125afrey50      ba0
152    $b SNC

00170    a2200085   4500
001 237712
005 20160125015246.0
250    $a Peinture $x Histoire
100    $a 20160125afrey50      ba0
152    $b SNC

00172    a2200085   4500
001 237958
005 20160125015256.0
250    $a Théâtre $x Programme
100    $a 20160125afrey50      ba0
152    $b SNC

00210    a2200085   4500
001 238145
005 20160125015305.0
250    $a Littérature française $z 20e siècle $x Histoire et critique
100    $a 20160125afrey50      ba0
152    $b SNC

00234    a2200085   4500
001 238328
005 20160125015312.0
250    $a Sociétés savantes et instituts $y France $y Nord (France) $x Bibliographie $x Catalogues
100    $a 20160125afrey50      ba0
152    $b SNC

00167    a2200085   4500
001 238482
005 20160125015319.0
250    $a Homme $x Origines
100    $a 20160125afrey50      ba0
152    $b SNC

00189    a2200085   4500
001 238659
005 20160125015326.0
250    $a Rap (musique) $y France $y Roubaix (Nord)
100    $a 20160125afrey50      ba0
152    $b SNC

00169    a2200085   4500
001 239089
005 20160125015354.0
250    $a Festivals $y France
100    $a 20160125afrey50      ba0
152    $b SNC

00194    a2200085   4500
001 239367
005 20160125015410.0
250    $a Antiquités gréco-romaines $x Dictionnaires
100    $a 20160125afrey50      ba0
152    $b SNC

00211    a2200085   4500
001 239526
005 20160125015415.0
250    $a Navigation intérieure $y France $y Nord-Pas-de-Calais (France)
100    $a 20160125afrey50      ba0
152    $b SNC

00202    a2200085   4500
001 239678
005 20160125015421.0
250    $a Marionnettes $y France $y Le Bignon (Loire-Atlantique)
100    $a 20160125afrey50      ba0
152    $b SNC

00186    a2200085   4500
001 239909
005 20160125015434.0
250    $a Chansons humoristiques $x Partitions
100    $a 20160125afrey50      ba0
152    $b SNC

00187    a2200085   4500
001 240135
005 20160125015444.0
250    $a Défilés $y Belgique $y Ath (Belgique)
100    $a 20160125afrey50      ba0
152    $b SNC

00185    a2200085   4500
001 240380
005 20160125015505.0
250    $a Fruits $x Bibliographie $x Catalogues
100    $a 20160125afrey50      ba0
152    $b SNC

00180    a2200085   4500
001 240689
005 20160125015521.0
250    $a Costume $x Ouvrages illustrés
100    $a 20160125afrey50      ba0
152    $b SNC

00222    a2200085   4500
001 241102
005 20160125015557.0
250    $a Travailleurs étrangers allemands $y France $y Paris (France) $z 19e siècle
100    $a 20160125afrey50      ba0
152    $b SNC

00195    a2200085   4500
001 241301
005 20160125015608.0
250    $a Écoles $y France $y Nord (France) $z 19e siècle
100    $a 20160125afrey50      ba0
152    $b SNC

00192    a2200085   4500
001 241481
005 20160125015617.0
250    $a Maires $y France $y Bondues (Nord) $x Histoire
100    $a 20160125afrey50      ba0
152    $b SNC

00180    a2200085   4500
001 241685
005 20160125015632.0
250    $a Alto, Musique d' $x Partitions
100    $a 20160125afrey50      ba0
152    $b SNC

00182    a2200085   4500
001 241839
005 20160125015639.0
250    $a Contentieux douanier $x Histoire
100    $a 20160125afrey50      ba0
152    $b SNC

00163    a2200085   4500
001 242001
005 20160125015646.0
250    $a Protozaires
100    $a 20160125afrey50      ba0
152    $b SNC

00187    a2200085   4500
001 242140
005 20160125015651.0
250    $a Peinture $x Prix $y France $z 20e siècle
100    $a 20160125afrey50      ba0
152    $b SNC

00186    a2200085   4500
001 242256
005 20160125015655.0
250    $a Textile, travailleurs du $x Salaires
100    $a 20160125afrey50      ba0
152    $b SNC

00204    a2200085   4500
001 242444
005 20160125015704.0
250    $a Technologie de l'information $y France $y Roubaix (Nord)
100    $a 20160125afrey50      ba0
152    $b SNC

00190    a2200085   4500
001 242604
005 20160125015710.0
250    $a Habitations $y France $y Flandres (France)
100    $a 20160125afrey50      ba0
152    $b SNC

00157    a2200085   4500
001 242748
005 20160125015715.0
250    $a Fugue
100    $a 20160125afrey50      ba0
152    $b SNC

00193    a2200085   4500
001 242969
005 20160125015724.0
250    $a Sucre de betterave $x Industrie et commerce
100    $a 20160125afrey50      ba0
152    $b SNC

00159    a2200085   4500
001 243415
005 20160125015741.0
250    $a Scoutes
100    $a 20160125afrey50      ba0
152    $b SNC

00216    a2200085   4500
001 243634
005 20160125015752.0
250    $a Français (langue) $x Orthographe $x Manuels d'enseignement primaire
100    $a 20160125afrey50      ba0
152    $b SNC

00212    a2200085   4500
001 243918
005 20160125015803.0
250    $a Correspondance commerciale française $x Guides, manuels, etc.
100    $a 20160125afrey50      ba0
152    $b SNC

00180    a2200085   4500
001 244209
005 20160125015816.0
250    $a Politique monétaire $y France
100    $a 20160125afrey50      ba0
152    $b SNC

00191    a2200085   4500
001 244549
005 20160125015834.0
250    $a Hôpitaux $x Personnel $x Emploi secondaire
100    $a 20160125afrey50      ba0
152    $b SNC

00179    a2200085   4500
001 244819
005 20160125015851.0
250    $a Forêts $y France $z Moyen âge
100    $a 20160125afrey50      ba0
152    $b SNC

00191    a2200085   4500
001 244963
005 20160125015857.0
250    $a Violon et piano, Musique de $x Partitions
100    $a 20160125afrey50      ba0
152    $b SNC

00172    a2200085   4500
001 245163
005 20160125015908.0
250    $a Montessori, méthode
100    $a 20160125afrey50      ba0
152    $b SNC

00175    a2200085   4500
001 245313
005 20160125015914.0
250    $a Sculpture $x Terminologie
100    $a 20160125afrey50      ba0
152    $b SNC

00180    a2200085   4500
001 245565
005 20160125015929.0
250    $a Voyageurs russes $y Jérusalem
100    $a 20160125afrey50      ba0
152    $b SNC

00203    a2200085   4500
001 245748
005 20160125015939.0
250    $a Classe ouvrière $y France $y Roubaix (Nord) $z 1870-1914
100    $a 20160125afrey50      ba0
152    $b SNC

00190    a2200085   4500
001 245971
005 20160125015950.0
250    $a Hauts fourneaux $y France $y Denain (Nord)
100    $a 20160125afrey50      ba0
152    $b SNC

00191    a2200085   4500
001 246231
005 20160125020003.0
250    $a Broderie $z 16e siècle $x Dessins et plans
100    $a 20160125afrey50      ba0
152    $b SNC

00177    a2200085   4500
001 246447
005 20160125020012.0
250    $a Bière $x Chants et musique
100    $a 20160125afrey50      ba0
152    $b SNC

00170    a2200085   4500
001 246704
005 20160125020024.0
250    $a Chansons anglaises
100    $a 20160125afrey50      ba0
152    $b SNC

00182    a2200085   4500
001 246929
005 20160125020034.0
250    $a Conversion $x Récits personnels
100    $a 20160125afrey50      ba0
152    $b SNC

00219    a2200085   4500
001 247213
005 20160125020050.0
250    $a Livres et lecture $y France $y Nord (France) $x Bibliographie $x Catalogues
100    $a 20160125afrey50      ba0
152    $b SNC

00201    a2200085   4500
001 247488
005 20160125020105.0
250    $a Prostitution $y France $y Nord-Pas-de-Calais (France)
100    $a 20160125afrey50      ba0
152    $b SNC

00226    a2200085   4500
001 247686
005 20160125020113.0
250    $a Sociétés savantes et instituts $y France (Nord) $x Bibliographie $x Catalogues
100    $a 20160125afrey50      ba0
152    $b SNC

00215    a2200085   4500
001 248044
005 20160125020136.0
250    $a Marionnettes à gaine $y Afrique du Sud $y Sandown (Afrique du Sud)
100    $a 20160125afrey50      ba0
152    $b SNC

00180    a2200085   4500
001 248386
005 20160125020159.0
250    $a Archéologie $x Encyclopédies
100    $a 20160125afrey50      ba0
152    $b SNC

00170    a2200085   4500
001 248629
005 20160125020214.0
250    $a Race anglo-saxonne
100    $a 20160125afrey50      ba0
152    $b SNC

00193    a2200085   4500
001 248806
005 20160125020225.0
250    $a Catalogues de libraires $y France $x Histoire
100    $a 20160125afrey50      ba0
152    $b SNC

00191    a2200085   4500
001 249074
005 20160125020243.0
250    $a Textiles et tissus $x Catalogues de vente
100    $a 20160125afrey50      ba0
152    $b SNC

00198    a2200085   4500
001 249400
005 20160125020314.0
250    $a Mode $y France $z 20e siècle $x Ouvrages illustrés
100    $a 20160125afrey50      ba0
152    $b SNC

00186    a2200085   4500
001 249633
005 20160125020331.0
250    $a Locomotives $y France $y Nord (France)
100    $a 20160125afrey50      ba0
152    $b SNC

00168    a2200085   4500
001 249857
005 20160125020344.0
250    $a Jours (broderie)
100    $a 20160125afrey50      ba0
152    $b SNC

00230    a2200085   4500
001 250145
005 20160125020403.0
250    $a Émigration et immigration $x Aspect social $y France $y Nord-Pas-de-Calais (France)
100    $a 20160125afrey50      ba0
152    $b SNC

00208    a2200085   4500
001 250631
005 20160125020433.0
250    $a Guerre mondiale (1914-1918) $y France $x Ouvrages illustrés
100    $a 20160125afrey50      ba0
152    $b SNC

00200    a2200085   4500
001 251103
005 20160125020457.0
250    $a Picard (dialecte) $y Belgique $y Mouscron (Belgique)
100    $a 20160125afrey50      ba0
152    $b SNC

00184    a2200085   4500
001 251682
005 20160125020520.0
250    $a Cinéma $x Catalogues d'exposition
100    $a 20160125afrey50      ba0
152    $b SNC

00196    a2200085   4500
001 252205
005 20160125020545.0
250    $a Enluminure médiévale $x Collections privées
100    $a 20160125afrey50      ba0
152    $b SNC

00205    a2200085   4500
001 252770
005 20160125020616.0
250    $a Classe ouvrière $y France $y Roubaix (Nord) $z 19e siècle
100    $a 20160125afrey50      ba0
152    $b SNC

00178    a2200085   4500
001 253234
005 20160125020645.0
250    $a Patrimoine musical $y France
100    $a 20160125afrey50      ba0
152    $b SNC

00191    a2200085   4500
001 254257
005 20160125020716.0
250    $a Sciences de l'information $x Périodiques
100    $a 20160125afrey50      ba0
152    $b SNC

00188    a2200085   4500
001 254370
005 20160125020718.0
250    $a Annales de géographie (périodique)
100    $a 20160125afrey50      ba0
152    $b SNC

00237    a2200085   4500
001 254478
005 20160125020720.0
250    $a Adolescents $y France $y Lille (Nord ; agglomération) $x Conditions sociales $x Périodiques
100    $a 20160125afrey50      ba0
152    $b SNC

00184    a2200085   4500
001 254581
005 20160125020722.0
250    $a Broderie $x Modèles $x Périodiques
100    $a 20160125afrey50      ba0
152    $b SNC

00186    a2200085   4500
001 254690
005 20160125020724.0
250    $a Marionnettes $y Suisse $x Périodiques
100    $a 20160125afrey50      ba0
152    $b SNC

00216    a2200085   4500
001 254806
005 20160125020728.0
250    $a Presse politique $y France $y Roubaix (Nord) $z 1870-1914 $x Microformes
100    $a 20160125afrey50      ba0
152    $b SNC

00222    a2200085   4500
001 254925
005 20160125020731.0
250    $a Littérature française $y France $y Nord (France) $z 1870-1914 $x Microformes
100    $a 20160125afrey50      ba0
152    $b SNC

00213    a2200085   4500
001 255029
005 20160125020733.0
250    $a Restauration collective $y France $y Roubaix (Nord) $x Périodiques
100    $a 20160125afrey50      ba0
152    $b SNC

00202    a2200085   4500
001 255137
005 20160125020735.0
250    $a Textiles et tissus $y France $z 1870-1914 $x Microformes
100    $a 20160125afrey50      ba0
152    $b SNC

00174    a2200085   4500
001 255491
005 20160125020753.0
250    $a Ralliement (1890-1892)
100    $a 20160125afrey50      ba0
152    $b SNC

00194    a2200085   4500
001 255993
005 20160125020820.0
250    $a Oiseaux $x Illustrations $x Ouvrage avant 1800
100    $a 20160125afrey50      ba0
152    $b SNC

00207    a2200085   4500
001 256496
005 20160125020902.0
250    $a Jeunesse $y France $y Roubaix (Nord) $z 21e siècle $x Congrès
100    $a 20160125afrey50      ba0
152    $b SNC

00217    a2200085   4500
001 257083
005 20160125020941.0
250    $a Rock (musique) $y France $y Nord-Pas-de-Calais (France) $x Périodiques
100    $a 20160125afrey50      ba0
152    $b SNC

00197    a2200085   4500
001 257499
005 20160125021011.0
250    $a Pétitions $y France $y Lille (Nord) $z 19e siècle
100    $a 20160125afrey50      ba0
152    $b SNC

00212    a2200085   4500
001 257975
005 20160125021042.0
250    $a Administration communale $z France $z Lille (Nord) $x Périodiques
100    $a 20160125afrey50      ba0
152    $b SNC

00203    a2200085   4500
001 258700
005 20160125021131.0
250    $a Protestantisme $y France $y Picardie (France) $x Histoire
100    $a 20160125afrey50      ba0
152    $b SNC

00181    a2200085   4500
001 259210
005 20160125021209.0
250    $a Dentelle $x Ouvrages illustrés
100    $a 20160125afrey50      ba0
152    $b SNC

00198    a2200085   4500
001 259737
005 20160125021253.0
250    $a Mutuelles $y France $y Nord (France) $x Périodiques
100    $a 20160125afrey50      ba0
152    $b SNC

00223    a2200085   4500
001 260417
005 20160125021337.0
250    $a Musique d'ambiance $x Influence polonaise $x Disques $y France $y Pas-de-Calais
100    $a 20160125afrey50      ba0
152    $b SNC

00185    a2200085   4500
001 260976
005 20160125021421.0
250    $a Politique urbaine $y Roubaix (Nord)
100    $a 20160125afrey50      ba0
152    $b SNC

00195    a2200085   4500
001 261637
005 20160125021517.0
250    $a Artillerie $y Etats-Unis $x Ouvrages illustrés
100    $a 20160125afrey50      ba0
152    $b SNC

00194    a2200085   4500
001 262203
005 20160125021608.0
250    $a Parqueterie $y Belgique $x Ouvrages illustrés
100    $a 20160125afrey50      ba0
152    $b SNC

00243    a2200085   4500
001 263214
005 20160125021754.0
250    $a Pilotes militaires (aéronautique) $y France $y Nord-Pas-de-Calais (France) $x Récits personnels
100    $a 20160125afrey50      ba0
152    $b SNC

00211    a2200085   4500
001 263760
005 20160125021857.0
250    $a Décoration intérieure $x Ouvrages illustrés $y France (Nord)
100    $a 20160125afrey50      ba0
152    $b SNC

00205    a2200097   4500
001 264403
005 20160224121517.0
200    $a Gautier $b Léon
801    $a FR $b 595126101 $c 20160224
100    $a 20160224afrey50      ba0
152    $b NP

00210    a2200097   4500
001 264561
005 20160628153541.0
200    $a Goldammer $b Hermann 
801    $a FR $b 595126101 $c 20160628
100    $a 20160628afrey50      ba0
152    $b NP

00212    a2200097   4500
001 264733
005 20161014141126.0
200    $a Hourticq $b Louis  $c Mme
801    $a FR $b 595126101 $c 20161014
100    $a 20161014afrey50      ba0
152    $b NP

