00903nx  a2200265   4500
001 264868
003 http://catalogue.bnf.fr/ark:/12148/cb124556768
005 20240515043923.0
010    $a 0000000081760255 $2 VIAF $d 20130729
033    $a http://catalogue.bnf.fr/ark:/12148/cb124556768
035    $a FRBNF124556768
039    $o OPL $a 011088172
100    $a 19950322afrey50      ba0
101    $a eng
102    $a XX
103    $a  1943               
105    $a a
106    $a 1  
152    $c 2 $b NP
200    $7 ba0yba0y $8 fre    $9  0  $a Kapp $b Hiroko $f 1943-....
300 0  $a Graphiste. - Correspondant pour the Tokyo-based Senken news organisation, USA (en 1987)
801    $a FR $b FR-751131015 $c 19950322
810    $a The craft of the Japanese sword / Leon and Hiroko Kapp, Yoshindo Yoshihara ; with photogr. by Tom Kishida, 1987
810    $a LCNA (CD OCLC), 1994-09
999    $a FRBNF124556768 $b 12455676

