00879cx  a2200253   4500
001 265028
003 http://catalogue.bnf.fr/ark:/12148/cb16948395n
005 20240515044642.0
010    $a 0000000475332851 $2 ISNI $d 20190410
033    $a http://catalogue.bnf.fr/ark:/12148/cb16948395n
035    $a FRBNF169483958
100    $a 20150226afrey50      ba0
101    $a eng
102    $a GB
103    $a  19..               
105    $a a
106    $a 1  
120    $a a
152    $c 2 $b NP
200    $7 ba0yba0y $8 fre    $9  0  $a Bolouri $b Joanna
300 0  $a Écrivaine pour des humoristes et scénaristes au Royaume-Uni
801    $a FR $b FR-751131015 $c 20220512
810    $a La liste [Texte imprimé] : comment prendre en main sa vie sexuelle / Joanna Bolouri ; traduit de l'anglais (Grande-Bretagne) par Marianne Richard. - Paris : Milady, DL 2015.
999    $a FRBNF169483958 $b 16948395

