01182cx  a2200289   4500
001 265168
003 http://catalogue.bnf.fr/ark:/12148/cb16242920r
005 20240519060818.0
010    $a 0000000106538061 $2 VIAF $d 20130807
033    $a http://catalogue.bnf.fr/ark:/12148/cb16242920r
035    $a FRBNF162429203
039    $o OPP $a 16550628 $d 20161206
100    $a 20101109afrey50      ba0
101    $a eng
102    $a GB
103    $a  1968               
105    $a a $a p
106    $a 1  
120    $a b
152    $c 2 $b NP
200    $7 ba0yba0y $8 fre    $9  0  $a Hopkins $b Rob $f 1968-....
300 0  $a Fondateur du mouvement de Transition, enseigne la permaculture (en 2010)
801    $a FR $b FR-751131015 $c 20161206
810    $a Manuel de transition : de la dépendance au pétrole à la résilience locale / Rob Hopkins ; coordination de l'édition en français par Michel Durand ; préface de Serge Mongeau, impr. 2010 $a Manger local / Lionel Astruc et Cécile Cros ; préface de Tamzin Pinkerton et Rob Hopkins, impr. 2011
810    $a LC authorities - http://catalog.loc.gov (2010-11-09)
856    $u http://catalog.loc.gov $e 2010-11-09
999    $a FRBNF162429203 $b 16242920

