01120cx  a2200277   4500
001 265289
003 http://catalogue.bnf.fr/ark:/12148/cb155111144
005 20240515045500.0
010    $a 000000008128384X $2 VIAF $d 20130805
033    $a http://catalogue.bnf.fr/ark:/12148/cb155111144
035    $a FRBNF155111143
100    $a 20070221afrey50      ba0
101    $a eng
102    $a XX
103    $a  19741008           
105    $a a
106    $a 1  
120    $a b
152    $c 2 $b NP
200    $7 ba0yba0y $8 fre    $9  0  $a Dervin $b Fred $f 1974-....
300 0  $a Professeur d'éducation interculturelle à l'Université d'Helsinki (en 2012)
801    $a FR $b FR-751131015 $c 20150226
810    $a Intercultural communication and education : Finnish perspectives / Fred Dervin & Eija Suomela-Salmi, eds, 2006 $a Anthropologies, interculturalité et enseignement-apprentissage des langues : quelles compatibilités ? / Fred Dervin & Béatrice Fracchiolla, éds, 2012
810    $a Helsingin yliopisto - http://www.helsinki.fi (2015-02-25)
856    $u http://www.helsinki.fi/ $e 2015-02-25
999    $a FRBNF155111143 $b 15511114

