01099cx  a2200301   4500
001 265417
003 http://catalogue.bnf.fr/ark:/12148/cb17020583f
005 20240516045147.0
010    $a 0000000458212524 $2 ISNI $d 20170818
033    $a http://catalogue.bnf.fr/ark:/12148/cb17020583f
035    $a FRBNF170205831
100    $a 20160120afrey50      ba0
101    $a fre
102    $a FR
103    $a  19890512           
105    $a a
106    $a 1  
120    $a b
200    $7 ba0yba0y $8 fre    $9  0  $a Iov $b Cyprien $f 1989-....
300 0  $a Blogueur, podcaster, youtubeur et animateur
400    $5 e $7 ba0yba0y $8 fre    $9     $a Cyprien $f 1989-....
801    $a FR $b FR-751131015 $c 20160121
810    $a Roger et ses humains. 1 [Texte imprimé] / auteurs, Paka, Cyprien Iov ; couleurs, Marie Écarlat. - [Marcinelle] ; [Paris] : Dupuis, DL 2015.
810    $a Dupuis - http://www.dupuis.com/auteurbd/cyprien/2930 (2016-01-20)
856    $u http://www.cyprien.fr/ $e 2016-01-21
856    $u http://www.dupuis.com/auteurbd/cyprien/2930 $e 2016-01-20
999    $a FRBNF170205831 $b 17020583
152    $b NP

