00749cx  a2200253   4500
001 265528
003 http://catalogue.bnf.fr/ark:/12148/cb12173075p
005 20240516034445.0
010    $a 0000000119339782 $2 VIAF $d 20130725
033    $a http://catalogue.bnf.fr/ark:/12148/cb12173075p
035    $a FRBNF121730758
039    $o OPL $a 005679523
100    $a 19901129afrey50      ba0
101    $a fre
102    $a FR
103    $a  19710728           
105    $a a
106    $a 1  
200    $7 ba0yba0y $8 fre    $9  0  $a Richard $b Benoît $f 1971-....
300 0  $a Journaliste
801    $a FR $b FR-751131015 $c 19941230
810    $a Leur silence est un cri / Marie-Christine Choquet, Benoît Richard, 1990
999    $a FRBNF121730758 $b 12173075
152    $b NP

