01092cx  a2200277   4500
001 265650
003 http://catalogue.bnf.fr/ark:/12148/cb167046313
005 20240516034600.0
010    $a 0000000358664996 $2 ISNI $d 20150313
033    $a http://catalogue.bnf.fr/ark:/12148/cb167046313
035    $a FRBNF167046319
100    $a 20130814afrey50      ba0
101    $a fre
102    $a FR
103    $a  19730727           
105    $a a
106    $a 1  
120    $a b
200    $7 ba0yba0y $8 fre    $9  0  $a Danglade $b Jean-Philippe $f 1973-....
300 0  $a Docteur en sciences de gestion (Aix-Marseille 3, 2007). - Professeur de marketing à Euromed management (en 2013)
801    $a FR $b FR-751131015 $c 20141014
810    $a Marketing et célébrités / Jean-Philippe Danglade, DL 2013 $a Marketing du sport et événementiel sportif / Lionel Maltese, Jean-Marie Danglade, DL 2014
810    $a SUDOC autorités - http://www.idref.fr/autorites/autorites.html (2014-10-14)
856    $u http://www.idref.fr/autorites/autorites.html $e 2014-10-14
999    $a FRBNF167046319 $b 16704631
152    $b NP

