00848cx  a2200277   4500
001 265773
003 http://catalogue.bnf.fr/ark:/12148/cb151192379
005 20240518021742.0
010    $a 0000000002601951 $2 VIAF $d 20130805
033    $a http://catalogue.bnf.fr/ark:/12148/cb151192379
035    $a FRBNF151192379
039    $o OPP $a 17076941 $d 20161205
039    $o OPP $a 16796475 $d 20171114
100    $a 20061207afrey50      ba0
101    $a fre
102    $a FR
103    $a  19821113           
105    $a a
106    $a 1  
120    $a b
200    $7 ba0yba0y $8 fre    $9  0  $a Moreau $b Laurent $f 1982-.... $c illustrateur
300 0  $a Illustrateur
801    $a FR $b FR-751131015 $c 20210324
810    $a La mine à bonbecs / texte, Irène Cohen-Janca ; illustrations, Laurent Moreau, impr. 2006
999    $a FRBNF151192379 $b 15119237
152    $b NP

