00956nx  a2200253   4500
001 265888
003 http://catalogue.bnf.fr/ark:/12148/cb17053498j
005 20240516035548.0
010    $a 0000000459642745 $2 ISNI $d 20170201
033    $a http://catalogue.bnf.fr/ark:/12148/cb17053498j
035    $a FRBNF170534983
100    $a 20160616afrey50      ba0
101    $a fre
102    $a FR
103    $a  19..               
105    $a a
106    $a 1  
120    $a b
200    $7 ba0yba0y $8 fre    $9  0  $a Kran $b Robert
300 0  $a Jardinier au Jardin botanique fruitier d'Avapessa (Haute-Corse) (en 2016)
801    $a FR $b FR-751131015 $c 20160616
810    $a L'encyclopédie Flammarion du potager et du jardin fruitier [Texte imprimé] / Xavier Mathias, Denis Retournard ; photographies de Laurent Bessol ; préface d'Alain Baraton ; [avec la collaboration de Robert Kran]. - Paris : Flammarion, DL 2016.
999    $a FRBNF170534983 $b 17053498
152    $b NP

