00755cx  a2200241   4500
001 266002
003 http://catalogue.bnf.fr/ark:/12148/cb16970567n
005 20240519060911.0
010    $a 0000000453302993 $2 ISNI $d 20180523
033    $a http://catalogue.bnf.fr/ark:/12148/cb16970567n
035    $a FRBNF169705679
100    $a 20150610afrey50      ba0
101    $a fre
102    $a FR
103    $a  19..               
105    $a a
106    $a 1  
120    $a a
200    $7 ba0yba0y $8 fre    $9  0  $a Bryon $b Lucie
801    $a FR $b FR-751131015 $c 20180518
810    $a Farces et attrapes [Texte imprimé] / texte de Myriam et Nicolas Martelle ; illustrations de Lucie Bryon. - Toulouse : Milan, DL 2015.
999    $a FRBNF169705679 $b 16970567
152    $b NP

