01072cx  a2200301   4500
001 266110
003 http://catalogue.bnf.fr/ark:/12148/cb12311052n
005 20240510024752.0
010    $a 0000000070906319 $2 ISNI $d 20150313
033    $a http://catalogue.bnf.fr/ark:/12148/cb12311052n
035    $a FRBNF123110528
039    $o OPL $a 008951341
100    $a 19930518afrey50      ba0
101    $a ita
102    $a IT
103    $a  1951               
105    $a a
106    $a 1  
120    $a b
152    $c 2 $b NP
200    $7 ba0yba0y $8 fre    $9  0  $a Vianello $b Lele $f 1951-....
300 0  $a Auteur et dessinateur de bandes dessinées
400    $7 ba0yba0y $8 fre    $9     $a Vianello $f 1951-....
801    $a FR $b FR-751131015 $c 20190325
810    $a Le fanfaron / Lele Vianello, 1993 $a Une île lointaine [Texte imprimé] / Vianello. - Saint-Égrève : Mosquito, DL 2019.
810    $a Mosquito - http://www.editionsmosquito.com/auteur.php?id=98 (2014-02-11)
856    $u http://www.editionsmosquito.com/auteur.php?id=98 $e 2014-02-11
999    $a FRBNF123110528 $b 12311052

