00758cx  a2200253   4500
001 266238
003 http://catalogue.bnf.fr/ark:/12148/cb17026001b
005 20240517041759.0
010    $a 0000000458903165 $2 ISNI $d 20180627
033    $a http://catalogue.bnf.fr/ark:/12148/cb17026001b
035    $a FRBNF170260016
100    $a 20160212afrey50      ba0
101    $a fre
102    $a FR
103    $a  19780901           
105    $a a
106    $a 1  
120    $a a
200    $7 ba0yba0y $8 fre    $9  0  $a Boudet $b Caroline $f 1978-....
300 0  $a Journaliste
801    $a FR $b FR-751131015 $c 20180618
810    $a La vie réserve des surprises [Texte imprimé] / Caroline Boudet. - [Paris] : Fayard, DL 2016.
999    $a FRBNF170260016 $b 17026001
152    $b NP

