01519cx  a2200337   4500
001 266358
003 http://catalogue.bnf.fr/ark:/12148/cb167936144
005 20240517042454.0
010    $a 0000000370133071 $2 ISNI $d 20160217
033    $a http://catalogue.bnf.fr/ark:/12148/cb167936144
035    $a FRBNF167936146
100    $a 20140813afrey50      ba0
101    $a ukr
102    $a UA
103    $a  19840324           
105    $a a
106    $a 1  
120    $a b
152    $c 2 $b NP
200    $7 ba0yba0a $8 freukr $9  0  $a Lesìv $b Andrìj $f 1984-....
300 0  $a Graphiste de l'Académie des arts de Lviv (Ukraine). - Co-fondateur avec Romana Romanyshyn du studio Agrafka
400    $7 ba0yba0a $8 frerus $9     $a Lesiv $b Andrej $f 1984-....
400    $7 ba0yba0e $8 freukr $9     $a Lesiv $b Andriy $f 1984-....
400    $7 ba0yca0y $8 frerus $9     $a Лесив $b Андрей $f 1984-....
700    $7 ba0yca0y $8 freukr $9  0  $a Лесів $b Андрій $f 1984-....
801    $a FR $b FR-751131015 $c 20150324
810    $a Maïa qui aime les chiffres / Romana Romanyshyn, Andriy Lesiv ; adapté de l'ukrainien par Alain Serres, DL 2014
810    $a Art studio Agrafka - http://agrafkastudio.com (2015-02-03) $a Ricochet-jeunes - http://www.ricochet-jeunes.org/auteurs/recherche/12051-romana-romanyshyn (2015-02-03)
810    $a BnF Service russe, 2015-03-24
856    $u http://agrafkastudio.com/ $e 2015-02-03 $u http://www.ricochet-jeunes.org/auteurs/recherche/12051-romana-romanyshyn $e 2015-02-03
999    $a FRBNF167936146 $b 16793614

