00946cx  a2200277   4500
001 266488
003 http://catalogue.bnf.fr/ark:/12148/cb16939329w
005 20240517043212.0
033    $a http://catalogue.bnf.fr/ark:/12148/cb16939329w
035    $a FRBNF169393293
100    $a 20150120afrey50      ba0
101    $a fre
102    $a FR
103    $a  19..               
105    $a a
106    $a 1  
120    $a b
200    $7 ba0yba0y $8 fre    $9  0  $a Pluvieux $b Édouard
300 0  $a Auteur-réalisateur
801    $a FR $b FR-751131015 $c 20150312
810    $a Voilà voilà [Images animées] / Kev Adams, Édouard Pluvieux, John Eledjam, aut. Société nouvelle de distribution, 2014
810    $a Ubba - http://ubba.eu/trombi.cfm#1/455433/0_153 (2015-01-20)
856    $u http://edouardpluvieux.tumblr.com/ $e 2015-03-12
856    $u http://ubba.eu/trombi.cfm#1/455433/0_153 $e 2015-01-20
999    $a FRBNF169393293 $b 16939329
152    $b NP

