00738cx  a2200241   4500
001 266609
003 http://catalogue.bnf.fr/ark:/12148/cb142048634
005 20240517044000.0
010    $a 0000000010826544 $2 ISNI $d 20160216
033    $a http://catalogue.bnf.fr/ark:/12148/cb142048634
035    $a FRBNF142048636
100    $a 20030310afrey50      ba0
102    $a FR
103    $a  19..               
105    $a i
106    $a 1  
120    $a a
200    $7 ba0yba0y $8 fre    $9  0  $a Maximin $b Martine
300 0  $a Actrice
801    $a FR $b FR-751131015 $c 20090526
810    $a Dedalus [Images animées]. 19 / Bernard Betremieux, réal. ; Martine Maximin, Bernard Metraux, comment., 1995
999    $a FRBNF142048636 $b 14204863
152    $b NP

