01205cx  a2200289   4500
001 266860
003 http://catalogue.bnf.fr/ark:/12148/cb146543984
005 20240518034943.0
010    $a 0000000360996420 $2 VIAF $d 20130802
033    $a http://catalogue.bnf.fr/ark:/12148/cb146543984
035    $a FRBNF146543983
100    $a 19990521afrey50      ba0
102    $a FR
103    $a  19670812           
105    $a a $a i
106    $a 010
120    $a b
200    $7 ba0yba0y $8 fre    $9  0  $a Génovèse $b Éric $f 1967-....
300    $a Metteur en scène, acteurs et chanteur. - Entré à la Comédie-Française en 1993, sociétaire en 1998
301    $a Nice
686    $a 790 $c Spectacles et loisirs (généralités) $2 Note de regroupement par domaine
801    $a FR $b FR-751131015 $c 20140507
810    $a Suréna de Corneille [Multimédia multisupport] : le e muet / Éric Genovese, voix parlée. In : Dire et représenter la tragédie classique / Pierre Trincal, dir., 1993
810    $a Comédie française - http://www.comedie-francaise.fr (1999-05-21) $a La lettre des comédiens, n°6, 1998
856    $u http://www.comedie-francaise.fr $e 1999-05-21
999    $a FRBNF146543983 $b 14654398
152    $b NP

