00743nx  a2200241   4500
001 266983
003 http://catalogue.bnf.fr/ark:/12148/cb17019638v
005 20240518035812.0
033    $a http://catalogue.bnf.fr/ark:/12148/cb17019638v
035    $a FRBNF170196389
100    $a 20160115afrey50      ba0
101    $a fre
102    $a FR
103    $a  19..               
105    $a a
106    $a 1  
120    $a a
200    $7 ba0yba0y $8 fre    $9  0  $a Lasne $b Gaëlle
300 0  $a Illustratrice
801    $a FR $b FR-751131015 $c 20160115
810    $a Des racines à la cime [Texte imprimé] / [illustrations] Gaëlle Lasne ; [texte, Guénolée André]. - Lyon : Éditions Amaterra, DL 2015.
999    $a FRBNF170196389 $b 17019638
152    $b NP

