01822cx  a2200361   4500
001 267107
003 http://catalogue.bnf.fr/ark:/12148/cb16581477f
005 20240519045313.0
033    $a http://catalogue.bnf.fr/ark:/12148/cb16581477f
035    $a FRBNF165814777
100    $a 20120314afrey50      ba0
101    $a fre
102    $a FR
103    $a  20120101           
105    $a a $c e $c i
106    $a 1  
150    $a z $b a2  
210    $7 ba0yba0y $8 fre    $9 20  $a Institut national de l'information géographique et forestière $c France
300 0  $a Résulte de la fusion de l'Institut géographique national et de l'Inventaire forestier national. - Établissement public national à caractère administrati placé sous la double tutelle du ministère du développement durable et du ministère chargé des forêts
303    $a 73 avenue de Paris, 94165 Saint-Mandé Cedex
410    $7 ba0yba0y $8 fre    $9     $a IGN
510    $5 a $0 Antérieurement, voir $3 11866033 $7 ba0yba0y $8 fre    $9 20  $a Avant le 1er janvier 2012, voir $a Institut géographique national $c France
510    $5 a $0 Antérieurement, voir $3 12244617 $7 ba0yba0y $8 fre    $9 20  $a Avant le 1er janvier 2012, voir $a Inventaire forestier national $c France
550    $5 h $3 17868320 $7 ba0yba0y $8 fre    $9     $a Registre parcellaire graphique (base de données)
550    $5 h $3 14454181 $7 ba0yba0y $8 fre    $9   4 $a BD Alti (base de données)
550    $5 h $3 13563071 $7 ba0yba0y $8 fre    $9   4 $a BD CARTO (base de données)
550    $5 h $3 15008730 $7 ba0yba0y $8 fre    $9   4 $a BD TOPO (base de données)
550    $5 z $3 17068005 $7 ba0yba0y $8 fre    $9     $a Édugéo
801    $a FR $b FR-751131015 $c 20131015
810    $a Tours : plan de ville [Document cartographique], 2012
856    $u http://www.ign.fr $e 2012-03-14
999    $a FRBNF165814777 $b 16581477
152    $b CO

