00941nx  a2200253   4500
001 267238
003 http://catalogue.bnf.fr/ark:/12148/cb16719482v
005 20240518041330.0
010    $a 0000000419918196 $2 ISNI $d 20150313
033    $a http://catalogue.bnf.fr/ark:/12148/cb16719482v
035    $a FRBNF167194823
100    $a 20131029afrey50      ba0
101    $a fre
102    $a FR
103    $a  19..               
105    $a a
106    $a 1  
120    $a b
200    $7 ba0yba0y $8 fre    $9  0  $a Zawieja $b Philippe
300 0  $a Chercheur associé au Centre de recherches sur les risques et les crises de Mines ParisTech et anime la cellule Recherche du groupe ORPEA/CLINEA (en 2013)
801    $a FR $b FR-751131015 $c 20131029
810    $a L'épuisement professionnel : approches innovantes et pluridisciplinaire / sous la direction de Philippe Zawieja et Franck Guarnieri, impr. 2013
999    $a FRBNF167194823 $b 16719482
152    $b NP

