00999cx  a2200277   4500
001 267357
003 http://catalogue.bnf.fr/ark:/12148/cb17071866z
005 20240518042220.0
010    $a 0000000459718359 $2 ISNI $d 20170202
033    $a http://catalogue.bnf.fr/ark:/12148/cb17071866z
035    $a FRBNF17071866X
100    $a 20160914afrey50      ba0
101    $a fre
102    $a SY
103    $a  19960820           
105    $a a
106    $a 1  
120    $a b
152    $c 2 $b NP
200    $7 ba0yba0y $8 fre    $9  0  $a Aswad $b Haytham Al- $f 1996-....
300 0  $a Réfugié en France (en 2012)
801    $a FR $b FR-751131015 $c 20160915
810    $a Haytham : une jeunesse syrienne / Nicolas Hénin ; [illustrations] Kyungeun Park ; d'après le récit de Haytham Al-Aswad, 2016
810    $a Le figaro : "Haytham, jeune réfugié syrien et candidat au bac 2015" - http://etudiant.lefigaro.fr (2016-09-14)
856    $u http://etudiant.lefigaro.fr $e 2016-09-14
999    $a FRBNF17071866X $b 17071866

