00879cx  a2200277   4500
001 267492
003 http://catalogue.bnf.fr/ark:/12148/cb16258157j
005 20240518043054.0
010    $a 0000000121977177 $2 VIAF $d 20130807
033    $a http://catalogue.bnf.fr/ark:/12148/cb16258157j
035    $a FRBNF162581570
100    $a 20110120afrey50      ba0
101    $a fre
102    $a FR
103    $a  1974               
105    $a a
106    $a 1  
120    $a b
200    $7 ba0yba0y $8 fre    $9  0  $a Lebourg $b Nicolas $f 1974-....
300 0  $a Docteur en histoire (Perpignan, 2005)
801    $a FR $b FR-751131015 $c 20110120
810    $a Le monde vu de la plus extrême droite / Nicolas Lebourg, impr. 2010
810    $a Sudoc - http://corail.sudoc.abes.fr (2011-01-20)
856    $u http://corail.sudoc.abes.fr $e 2011-01-20
999    $a FRBNF162581570 $b 16258157
152    $b NP

