01309cx  a2200301   4500
001 267604
003 http://catalogue.bnf.fr/ark:/12148/cb14028967t
005 20240518043228.0
010    $a 0000000115563082 $2 VIAF $d 20130801
033    $a http://catalogue.bnf.fr/ark:/12148/cb14028967t
035    $a FRBNF140289670
039    $o OPP $a 14694726 $d 20151016
100    $a 20000126afrey50      ba0
102    $a US
103    $a  19210827  19980905 
105    $a a $a i
106    $a 010
120    $a b
152    $c 2 $b NP
200    $7 ba0yba0y $8 fre    $9  0  $a Penn $b Leo $f 1921-1998
300    $a Cinéaste. - Acteur
301    $a Lawrence (Massachusetts,  États-Unis) $b Los Angeles (Californie, États-Unis)
530    $5 z $0 Réalisateur de :  $3 14291118 $a A man called Adam (film)
801    $a FR $b FR-751131015 $c 20221006
810    $a Anyone for murder ? / Leo Penn, réal. ; Barry Nelson, Patricia Breslin, Richard Dawson... [et al.], act.. In : Alfred Hitchcock présente. Saison 2. Volume 2. Épisodes 17 à 32, Les inédits [Images animées] / Alfred Hitchcock, présent.. - [Nanterre] : Elephant films [éd.] ; [Suresnes] : Sony pictures home entertainment [distrib.], [2016].
810    $a IMDb - http://www.imdb.com (2015-10-16)
856    $u http://www.imdb.com $e 2015-10-16
999    $a FRBNF140289670 $b 14028967

00223    a2200097   4500
001 267739
005 20170124145616.0
230    $a Monsieur $b périodique $k 1920-192?
801    $a FR $b 595126101 $c 20170124
100    $a 20170124afrey50      ba0
152    $b TU

