01542cx  a2200337   4500
001 267869
003 http://catalogue.bnf.fr/ark:/12148/cb119765991
005 20240518044041.0
033    $a http://catalogue.bnf.fr/ark:/12148/cb119765991
035    $a FRBNF119765990
039    $o OPL $a 002132869
100    $a 19861215afrey50      ba0
106    $a 211
152    $b SNC $c 2
159    $a rameau
250    $7 ba0yba0y $8 fre    $9     $a Tube digestif
450    $7 ba0yba0y $8 fre    $9     $a Canal alimentaire
450    $7 ba0yba0y $8 fre    $9     $a Canalis alimentarius
550    $5 h $3 11946027 $7 ba0yba0y $8 fre    $9     $a Estomac
550    $5 h $3 11965308 $7 ba0yba0y $8 fre    $9     $a Intestins
550    $5 h $3 12198790 $7 ba0yba0y $8 fre    $9     $a Muqueuse du tube digestif
550    $5 h $3 11932887 $7 ba0yba0y $8 fre    $9     $a Oesophage
550    $5 g $3 11931880 $7 ba0yba0y $8 fre    $9     $a Appareil digestif
686    $a 570 $c Sciences de la vie $2 Note de regroupement par domaine
686    $a 610 $c Sciences médicales et paramédicales $2 Note de regroupement par domaine
801    $a FR $b FR-751131015 $c 20100719
810    $a Petit dict. d'anatomie, d'embryologie et d'histologie / P. Kamina, 1990 $a Dict. de médecine Flammarion, 2008 $a Dict. français de médecine et de biologie, 1981
822 12 $a Tube digestif $2 RVMLaval $d 2010-07-19
822 1  $a Gastrointestinal Tract $2 MeSH $u http://id.nlm.nih.gov/mesh/M0439813 $d 2010-07-16
822 1  $a Alimentary canal $2 LCSH $u http://id.loc.gov/authorities/subjects/sh85003560 $d 2017-02-09
999    $a FRBNF119765990 $b 11976599

