01019cx  a2200277   4500
001 268167
003 http://catalogue.bnf.fr/ark:/12148/cb165704112
005 20240518050638.0
010    $a 0000000107694939 $2 VIAF $d 20130808
033    $a http://catalogue.bnf.fr/ark:/12148/cb165704112
035    $a FRBNF165704117
100    $a 20120203afrey50      ba0
101    $a eng
102    $a XX
103    $a  19570209           
105    $a a $a p
106    $a 1  
120    $a b
152    $c 2 $b NP
200    $7 ba0yba0y $8 fre    $9  0  $a Siegel $b Daniel J. $f 1957-....
300 0  $a Professeur de psychiatrie : UCLA school of medicine, Los Angeles, Calif.  (en 2009)
801    $a FR $b FR-751131015 $c 20191024
810    $a The healing power of emotion : affective neuroscience, development, and clinical practice / Diana Fosha, Daniel J. Siegel, Marion Solomon, cop. 2009
810    $a LC authorities - http://authorities.loc.gov (2012-02-03)
856    $u http://authorities.loc.gov $e 2012-02-03
999    $a FRBNF165704117 $b 16570411

