02877cx  a2200565   4500
001 268297
003 http://catalogue.bnf.fr/ark:/12148/cb119763833
005 20240518050803.0
033    $a http://catalogue.bnf.fr/ark:/12148/cb119763833
035    $a FRBNF11976383X
039    $o OPL $a 002129563
100    $a 19850702afrey50      ba0
106    $a 211
152    $b SNC $c 2
159    $a rameau
250    $7 ba0yba0y $8 fre    $9     $a Génie hydraulique
450    $7 ba0yba0y $8 fre    $9   2 $a Technologie hydraulique
550    $5 z $0 Voir aussi $3 11931913 $7 ba0yba0y $8 fre    $9     $a Eau
550    $5 z $0 Voir aussi $3 11932046 $7 ba0yba0y $8 fre    $9     $a Hydraulique
550    $5 z $0 Voir aussi $3 13602322 $7 ba0yba0y $8 fre    $9     $a Jets d'eau
550    $5 z $0 Voir aussi $3 11936393 $7 ba0yba0y $8 fre    $9     $a Machines hydrauliques
550    $5 z $0 Voir aussi $3 11948685 $7 ba0yba0y $8 fre    $9     $a Pompes
550    $5 z $0 Voir aussi $3 11982971 $7 ba0yba0y $8 fre    $9     $a Pontons
550    $5 z $0 Voir aussi $3 11975900 $7 ba0yba0y $8 fre    $9     $a Puits
550    $5 z $0 Voir aussi $3 11937999 $7 ba0yba0y $8 fre    $9     $a Rivage $x Protection
550    $5 h $3 11941208 $7 ba0yba0y $8 fre    $9     $a Construction sous-marine
550    $5 h $3 11964868 $7 ba0yba0y $8 fre    $9     $a Cours d'eau $x Jaugeage
550    $5 h $3 11942165 $7 ba0yba0y $8 fre    $9     $a Structures offshore
550    $5 h $3 11978439 $7 ba0yba0y $8 fre    $9     $a Canaux (génie hydraulique)
550    $5 h $3 12073085 $7 ba0yba0y $8 fre    $9     $a Fracturation hydraulique
550    $5 h $3 12317289 $7 ba0yba0y $8 fre    $9     $a Irrigation, Technique de l'
550    $5 h $3 12370588 $7 ba0yba0y $8 fre    $9     $a Génie fluvial
550    $5 h $3 13329928 $7 ba0yba0y $8 fre    $9     $a Affouillement (génie hydraulique)
550    $5 h $3 13338451 $7 ba0yba0y $8 fre    $9     $a Radiers (hydraulique)
550    $5 h $3 11978437 $7 ba0yba0y $8 fre    $9     $a Dragage
550    $5 h $3 11931899 $7 ba0yba0y $8 fre    $9     $a Drainage
550    $5 h $3 11979540 $7 ba0yba0y $8 fre    $9     $a Approvisionnement en eau $x Technique
550    $5 h $3 11970078 $7 ba0yba0y $8 fre    $9     $a Énergie marémotrice
550    $5 h $3 11976902 $7 ba0yba0y $8 fre    $9     $a Forage
550    $5 h $3 11952054 $7 ba0yba0y $8 fre    $9     $a Hydrodynamique
550    $5 h $3 11938388 $7 ba0yba0y $8 fre    $9     $a Inondations $x Maîtrise
550    $5 h $3 11942186 $7 ba0yba0y $8 fre    $9     $a Ouvrages hydrauliques
550    $5 g $3 11978798 $7 ba0yba0y $8 fre    $9     $a Énergie hydraulique
550    $5 g $3 11931417 $7 ba0yba0y $8 fre    $9     $a Mécanique des fluides
550    $5 g $3 11936922 $7 ba0yba0y $8 fre    $9     $a Génie civil
550    $5 g $3 11950236 $7 ba0yba0y $8 fre    $9     $a Ingénierie
686    $a 600 $c Sciences appliquées $2 Note de regroupement par domaine
801    $a FR $b FR-751131015 $c 20011212
822 1  $a Hydraulic engineering $2 LCSH $u http://id.loc.gov/authorities/subjects/sh85063305 $d 2017-02-09
999    $a FRBNF11976383X $b 11976383

