00897nx  a2200253   4500
001 268416
003 http://catalogue.bnf.fr/ark:/12148/cb170557051
005 20240518051529.0
010    $a 000000003505371X $2 ISNI $d 20170202
033    $a http://catalogue.bnf.fr/ark:/12148/cb170557051
035    $a FRBNF17055705X
100    $a 20160624afrey50      ba0
101    $a eng
102    $a US
103    $a  19..               
105    $a a
106    $a 1  
120    $a a
152    $c 2 $b NP
200    $7 ba0yba0y $8 fre    $9  0  $a Nutt $b Amy Ellis
300 0  $a Journaliste scientifique, "Washington post" (en 2016)
801    $a FR $b FR-751131015 $c 20160624
810    $a Le cerveau adolescent [Texte imprimé] : guide de survie à l'usage des parents / Dr Frances E. Jensen ; avec Amy Ellis Nutt ; traduit de l'anglais par Isabelle Crouzet. - Paris : JC Lattès, DL 2016.
999    $a FRBNF17055705X $b 17055705

