00910cx  a2200265   4500
001 268539
003 http://catalogue.bnf.fr/ark:/12148/cb15084806r
005 20240518052456.0
010    $a 0000000004898162 $2 VIAF $d 20130805
033    $a http://catalogue.bnf.fr/ark:/12148/cb15084806r
035    $a FRBNF150848065
100    $a 20060727afrey50      ba0
102    $a CH
103    $a  1969               
105    $a a
106    $a 1  
120    $a b
152    $c 2 $b NP
200    $7 ba0yba0y $8 fre    $9  0  $a Mermoud $b Frédéric $f 1969-....
300 0  $a Réalisateur, scénariste
801    $a FR $b FR-751131015 $c 20150505
810    $a L'escalier [Multimédia multisupport] / Frédéric Mermoud. Actes Sud junior, 2006
810    $a Swissfilms - http://www.swissfilms.ch/detail_p.asp?PNr=5091 (2008-03-27)
856    $u http://www.swissfilms.ch/detail_p.asp?PNr=5091 $e 2008-03-27
999    $a FRBNF150848065 $b 15084806

