01340cx  a2200337   4500
001 268682
003 http://catalogue.bnf.fr/ark:/12148/cb13625422n
005 20240518053234.0
010    $a 0000000003026581 $2 ISNI $d 20150312
033    $a http://catalogue.bnf.fr/ark:/12148/cb13625422n
035    $a FRBNF136254222
039    $o OPL $a 01528042X
100    $a 20010116afrey50      ba0
101    $a fre $t heb
102    $a XX
103    $a  19..               
105    $a a
106    $a 1  
120    $a a
152    $c 2 $b NP
200    $7 ba0yba0e $8 fre    $9  0  $a Rosen $b Orit
300 0  $a Traductrice
400    $7 ba0yba0a $8 freheb $9     $a Rwzen $b ʾWriyt
400    $7 ba0yha0y $8 freheb $9     $a רוזן $b אורית
400    $7 ba0yba0e $8 fre    $9     $a Rosen $b Orith
801    $a FR $b FR-751131015 $c 20221122
810    $a Vaincre Hitler : pour un judaïsme plus humaniste et universaliste / Avraham Burg ; traduit de l'hébreu par Orit Rosen et Rita Sabah, impr. 2008 $a Le hibou [Texte imprimé] / Nissim Aloni ; traduit de l'hébreu par Orith Rosen. - [Paris] : Viviane Hamy, DL 2016.
810    $a Bibliothèque nationale d'Israël, autorités - https://uli.nli.org.il (2022-11-22)
810    $a BnF Service Littératures du monde (hébreu), 2022-11-22
856    $u https://uli.nli.org.il/ $e 2022-11-22
999    $a FRBNF136254222 $b 13625422

