01249cx  a2200265   4500
001 268855
003 http://catalogue.bnf.fr/ark:/12148/cb16725463t
005 20240518052436.0
010    $a 0000000420436418 $2 ISNI $d 20150313
033    $a http://catalogue.bnf.fr/ark:/12148/cb16725463t
035    $a FRBNF167254633
100    $a 20131125afrey50      ba0
102    $a IN
103    $a  19..               
105    $a i $c e
106    $a 1  
120    $a b
152    $c 2 $b NP
200    $7 ba0yba0y $8 fre    $9  0  $a Kulur $b Ravichandra
300 0  $a Flûtiste de musique carnatique du Sud de l'Inde. - Joue de la flûte en bambou
801    $a FR $b FR-751131015 $c 20131206
810    $a Eternal breath [Enregistrement sonore] : Indian classical flute recital (carnatic) / Ravichandra Kulur, fl. ; Vidwan Mysore M Nagaraj, vl ; Vidwan Srimushnam V Raja Rao, mridangam... [et al.]. R. Kulur  RK01
810    $a Ravichandra Kulur - http://fluteravi.com/contact-us (2013-12-05) $a Orkhestra - http://www.orkhestra.fr/catalog.php?FIND=Ravichandra+Kulur%2C&Go.x=2&Go.y=6 (2013-11-25)
856    $u http://fluteravi.com/contact-us/ $e 2013-12-05 $u http://www.orkhestra.fr/catalog.php?FIND=Ravichandra+Kulur%2C&Go.x=2&Go.y=6 $e 2013-11-25
999    $a FRBNF167254633 $b 16725463

