00791cx  a2200253   4500
001 268996
003 http://catalogue.bnf.fr/ark:/12148/cb14081008c
005 20240518054142.0
010    $a 0000000002943310 $2 ISNI $d 20150312
033    $a http://catalogue.bnf.fr/ark:/12148/cb14081008c
035    $a FRBNF140810080
100    $a 20030310afrey50      ba0
101    $a fre
102    $a FR
103    $a  19..               
105    $a a
106    $a 1  
120    $a b
200    $7 ba0yba0y $8 fre    $9  0  $a Bonnaud $b Olivier
300 0  $a Professeur des universités. - En poste à Supélec et à l'université de Rennes 1 (en 2006)
801    $a FR $b FR-751131015 $c 20060823
810    $a Composants à semiconducteurs / Olivier Bonnaud, DL 2006
999    $a FRBNF140810080 $b 14081008
152    $b NP

