00606nx  a2200181   4500
001 269126
005 20170311193736.0
009 http://catalogue.bnf.fr/ark:/12148/cb12290169w
039    $o OPL $a 008687308
100    $a 19930128afrey50      ba0
106    $a 210
152    $b SNC $c 2
250    $7 ba0yba0y $8 fre    $9   2 $a Orgue électronique, Musique d' (registration Hammond)
450    $7 ba0yba0y $8 fre    $9     $a Orgue Hammond, Musique d'
686    $a 780 $c Musique $2 Note de regroupement par domaine
801    $a FR $b BnF $c 19930128
822    $a Electronic organ music (Hammond registration) $v LCSH, 1992-06
999    $a 12290169

00210    a2200097   4500
001 269267
005 20170324170407.0
200    $a Prudhommeaux $b M. J.
801    $a FR $b 595126101 $c 20170324
100    $a 20170324afrey50      ba0
152    $b NP

