00943cx  a2200253   4500
001 269400
003 http://catalogue.bnf.fr/ark:/12148/cb139432723
005 20240518075455.0
010    $a 0000000001368086 $2 ISNI $d 20161107
033    $a http://catalogue.bnf.fr/ark:/12148/cb139432723
035    $a FRBNF13943272X
100    $a 19911021afrey50      ba0
102    $a FR
103    $a  19..               
105    $a i
106    $a 1  
120    $a a
200    $7 ba0yba0y $8 fre    $9  0  $a Delille $b Marie-Laurence
300 0  $a Chanteuse dans un orchestre de bal dès 1973, sous le pseudonyme :  Mallory
801    $a FR $b FR-751131015 $c 20160426
810    $a Païs tropical [Enregistrement sonore] (3 min 40 s) ; La Maison de mes souvenirs (3 min 55 s) / Marie-Laurence Delille, chant... - Reims : Leslie productions ; Reims : distrib. Leslie productions, 1987 (P).
810    $a Chansons en Nord
999    $a FRBNF13943272X $b 13943272
152    $b NP

