01295cx  a2200325   4500
001 269530
003 http://catalogue.bnf.fr/ark:/12148/cb14527141j
005 20240519035427.0
010    $a 0000000000954665 $2 VIAF $d 20130802
033    $a http://catalogue.bnf.fr/ark:/12148/cb14527141j
035    $a FRBNF14527141X
039    $o OPP $a 11493914 $d 20220303
100    $a 20040224afrey50      ba0
101    $a eng
102    $a US
103    $a  19221220  20131030 
105    $a a
106    $a 1  
120    $a b
152    $c 2 $b NP
200    $7 ba0yba0y $8 fre    $9  0  $a Salamanca $b J. R. $f 1922-2013
300 0  $a Écrivain
301    $a St Peterburg (Floride, États-Unis). $b Potomac (Maryland, États-Unis).
400    $7 ba0yba0y $8 fre    $9     $a Salamanca $b Jack Richard
801    $a FR $b FR-751131015 $c 20230824
810    $a Wild in the country [Images animées] / Philip Dunne, réal. ; J.R. Salamanca, aut. adapté... [et al.]. 20th century-Fox home entertainment, [2003]
810    $a LC Authorities - http://authorities.loc.gov (2022-03-30) $a Contemporary authors - http://infotrac.london.galegroup.com (2022-03-03)
810    $a BN Cat. gén. 1960-1969
856    $u http://authorities.loc.gov $e 2022-03-30 $u http://infotrac.london.galegroup.com $e 2022-03-03
999    $a FRBNF14527141X $b 14527141

