00965cx  a2200253   4500
001 269655
003 http://catalogue.bnf.fr/ark:/12148/cb12331248c
005 20240518072613.0
033    $a http://catalogue.bnf.fr/ark:/12148/cb12331248c
035    $a FRBNF123312483
039    $o OPL $a 009213882
100    $a 19930908afrey50      ba0
106    $a 211
152    $b GENRE/FORM $c 2
159    $a rameau
180    $a b
280  0 $7 ba0yba0y $8 fre    $9     $a Sonates (flûte et clavecin)
550    $5 g $3 16972821 $7 ba0yba0y $8 fre    $9     $a Sonates ([distributions instrumentales])
580  0 $5 g $3 12286182 $7 ba0yba0y $8 fre    $9     $a Flûte et clavecin, Musique de
686    $a 780 $c Musique $2 Note de regroupement par domaine
801    $a FR $b FR-751131015 $c 20130730
822 12 $a Sonates (flûte et clavecin) $2 RVMLaval $d 2013-07-30
822 1  $a Sonatas (Flute and harpsichord) $2 LCSH $u http://id.loc.gov/authorities/subjects/sh85124867 $d 2017-02-09
999    $a FRBNF123312483 $b 12331248

