00704nx  a2200241   4500
001 269804
003 http://catalogue.bnf.fr/ark:/12148/cb13560325v
005 20240519040859.0
010    $a 000000000311467X $2 ISNI $d 20150312
033    $a http://catalogue.bnf.fr/ark:/12148/cb13560325v
035    $a FRBNF135603258
039    $o OPL $a 014982003
100    $a 20000619afrey50      ba0
101    $a fre
102    $a FR
105    $a a
106    $a 1  
200    $7 ba0yba0y $8 fre    $9  0  $a Aubert $b Claire
300 0  $a Orthophoniste
801    $a FR $b FR-751131015 $c 20000619
810    $a Mets ta phonologie avant de sortir / Claire Aubert, Delphine Pauchard, 2000
999    $a FRBNF135603258 $b 13560325
152    $b NP

