00962cx  a2200277   4500
001 269965
003 http://catalogue.bnf.fr/ark:/12148/cb119257608
005 20240512042908.0
010    $a 000000008360220X $2 VIAF $d 20130724
033    $a http://catalogue.bnf.fr/ark:/12148/cb119257608
035    $a FRBNF119257604
039    $o OPL $a 001389469
100    $a 19830420afrey50      ba0
101    $a fre
102    $a FR
103    $a  1949               
105    $a a
106    $a 1  
120    $a b
200    $7 ba0yba0y $8 fre    $9  0  $a Supiot $b Alain $f 1949-....
300 0  $a Docteur en droit (1979). - Professeur de droit privé à l'Université de Nantes (en 2002)
801    $a FR $b FR-751131015 $c 20060410
810    $a Le travail en perspectives / Alain Supiot, 1998 $a Droit du travail / Jean Pélissier, Alain Supiot, Antoine Jeammaud, 2002
810    $a Annu. des juristes et politistes universitaires, 2002
999    $a FRBNF119257604 $b 11925760
152    $b NP

