01215cx  a2200289   4500
001 270105
003 http://catalogue.bnf.fr/ark:/12148/cb161654430
005 20240519042057.0
010    $a 0000000081714830 $2 VIAF $d 20130807
033    $a http://catalogue.bnf.fr/ark:/12148/cb161654430
035    $a FRBNF161654439
039    $o OPP $a 16819026 $d 20150526
100    $a 20091214afrey50      ba0
101    $a fre
102    $a CA
103    $a  19600729           
105    $a a
106    $a 1  
120    $a a
152    $c 2 $b NP
200    $7 ba0yba0y $8 fre    $9  0  $a Poulin $b Andrée $f 1960-....
300 0  $a Auteur d'ouvrages pour la jeunesse. - Lauréate du prix du livre jeunesse des bibliothèques de Montréal, Canada (en 2011)
801    $a FR $b FR-751131015 $c 20150604
810    $a Le Père Noël ne sait pas dire non / texte de Andrée Poulin ; illustrations de Jean Morin, DL 2013
810    $a Autorités Canadiana - http://www.collectionscanada.gc.ca/autorites-canadiana/index (2015-05-26) $a Ricochet-jeunes - www.ricochet-jeunes.org (2015-05-26)
856    $u http://www.collectionscanada.gc.ca/autorites-canadiana/index/ $e 2015-05-26 $u www.ricochet-jeunes.org/ $e 2015-05-26
999    $a FRBNF161654439 $b 16165443

