00766nx  a2200241   4500
001 270258
003 http://catalogue.bnf.fr/ark:/12148/cb17059233v
005 20240517052442.0
010    $a 0000000459666931 $2 ISNI $d 20170202
033    $a http://catalogue.bnf.fr/ark:/12148/cb17059233v
035    $a FRBNF170592335
100    $a 20160712afrey50      ba0
101    $a fre
102    $a FR
103    $a  19..               
105    $a a
106    $a 1  
120    $a a
200    $7 ba0yba0y $8 fre    $9  0  $a Taktouk $b Brigitte
801    $a FR $b FR-751131015 $c 20160712
810    $a Personnes handicapées : le guide pratique / Fédération APAJH ; coordination, Julie François, Brigitte Taktouk, Nolwen Jamont, impr. 2016
999    $a FRBNF170592335 $b 17059233
152    $b NP

