00723cx  a2200229   4500
001 270400
003 http://catalogue.bnf.fr/ark:/12148/cb17099906q
005 20240516050437.0
010    $a 000000045983494X $2 ISNI $d 20170202
033    $a http://catalogue.bnf.fr/ark:/12148/cb17099906q
035    $a FRBNF170999060
100    $a 20170113afrey50      ba0
102    $a FR
103    $a  19..               
105    $a a
106    $a 1  
200    $7 ba0yba0y $8 fre    $9  0  $a Leygume
300 0  $a Illustrateur
801    $a FR $b FR-751131015 $c 20170116
810    $a Kimamila et le trésor englouti [Texte imprimé] / Anne Loyer ; illustrations de Leygume. - Paris : Nathan, DL 2016.
999    $a FRBNF170999060 $b 17099906
152    $b NP

