00689nx  a2200241   4500
001 270563
003 http://catalogue.bnf.fr/ark:/12148/cb15525905j
005 20240509032420.0
010    $a 0000000004906441 $2 ISNI $d 20160216
033    $a http://catalogue.bnf.fr/ark:/12148/cb15525905j
035    $a FRBNF15525905X
100    $a 20070418afrey50      ba0
101    $a fre
102    $a FR
103    $a  19..               
105    $a a
106    $a 1  
120    $a b
200    $7 ba0yba0y $8 fre    $9  0  $a Ribeiro $b Stéphane
801    $a FR $b FR-751131015 $c 20070418
810    $a 100 bonnes raisons de voter Sarko / Stéphane Ribeiro, DL 2006
999    $a FRBNF15525905X $b 15525905
152    $b NP

