01047cx  a2200277   4500
001 270692
003 http://catalogue.bnf.fr/ark:/12148/cb12710394v
005 20240514042400.0
010    $a 0000000116403195 $2 ISNI $d 20170131
033    $a http://catalogue.bnf.fr/ark:/12148/cb12710394v
035    $a FRBNF127103940
039    $o OPL $a 003723978
100    $a 19840420afrey50      ba0
101    $a fre
102    $a CA
103    $a  1934    ? 20130106 
105    $a a
106    $a 1  
120    $a a
152    $c 2 $b NP
200    $7 ba0yba0y $8 fre    $9  0  $a Paquet $b Charlotte $f 1934?-2013
801    $a FR $b FR-751131015 $c 20160316
810    $a Pour l'Afrique, j'accuse / René Dumont ; en collaboration avec Charlotte Paquet, DL 2015
810    $a Blog de Jean-Luc Burgunder - http://burgunder.over-blog.com/article-charlotte-paquet-dumont-est-decedee-au-quebec-114534844.html (2016-03-15)
856    $u http://burgunder.over-blog.com/article-charlotte-paquet-dumont-est-decedee-au-quebec-114534844.html $e 2016-03-15
999    $a FRBNF127103940 $b 12710394

