01344cx  a2200325   4500
001 270965
003 http://catalogue.bnf.fr/ark:/12148/cb166987509
005 20240509034507.0
010    $a 0000000376402906 $2 ISNI $d 20131217
033    $a http://catalogue.bnf.fr/ark:/12148/cb166987509
035    $a FRBNF166987508
100    $a 20130718afrey50      ba0
101    $a jpn
102    $a JP
103    $a  1959               
105    $a a
106    $a 1  
120    $a a
152    $c 2 $b NP
200    $7 ba0yba0f $8 fre    $9  0  $a Kawashima $b Keiko $f 1959-....
300 0  $a Docteur en histoire des sciences, diplômée de l'Université de Tokyo (en 1987). - Spécialiste de l'histoire des sciences françaises, 18è siècle : la place et le rôle des femmes dans les milieux scientifiques de l'époque
400    $7 ba0yba0f $8 frejpn $9     $a Kawashima Keiko $f 1959-....
400    $7 ba0yea0y $8 frejpn $9     $a 川島 慶子 $f 1959-....
400    $7 ba0yba0y $8 fre    $9     $a Keiko Kawashima $f 1959-....
700    $7 ba0yea0y $8 frejpn $9  0  $a 川島 $b 慶子 $f 1959-....
801    $a FR $b FR-751131015 $c 20130719
810    $a Emirī dyu Shatore to Marī Ravuwajie : jūhasseiki furansu no jendā to kagaku / Kawashima Keiko [cho], 2005
810    $a Web NDL Authorities, 2013
810    $a BnF Service japonais, 2013-07-18
999    $a FRBNF166987508 $b 16698750

00244    a2200097   4500
001 271111
005 20170719174211.0
250    $a Reconversion professionelle  $y France $y Roubaix (Nord)
801    $a FR $b 595126101 $c 20170719
100    $a 20170719afrey50      ba0
152    $b SNC

