01176cx  a2200349   4500
001 271266
003 http://catalogue.bnf.fr/ark:/12148/cb120398907
005 20240507054435.0
010    $a 0000000081168649 $2 VIAF $d 20130724
033    $a http://catalogue.bnf.fr/ark:/12148/cb120398907
035    $a FRBNF120398908
039    $o OPL $a 003314942
039    $o OPP $a 11441309 $d 20080103
039    $o OPP $a 14047014 $d 20080103
039    $o OPP $a 14679398 $d 20080103
039    $o OPP $a 14858374 $d 20080103
100    $a 19840420afrey50      ba0
101    $a fre
102    $a FR
103    $a  19320312  20210611 
105    $a a
106    $a 010
120    $a b
200    $7 ba0yba0y $8 fre    $9  0  $a Foissy $b Guy $f 1932-2021
300    $a Auteur dramatique
686    $a 790 $c Spectacles et loisirs (généralités) $2 Note de regroupement par domaine
686    $a 800 $c Histoire et critique littéraires $2 Note de regroupement par domaine
801    $a FR $b FR-751131015 $c 20210629
810    $a Le discours du père ;  (suivi de) L'attribut / Guy Foissy, 1987 $a Commissaire Badouz / Guy Foissy, 2002
810    $a Monde, 2021-06-22
999    $a FRBNF120398908 $b 12039890
152    $b NP

00216    a2200097   4500
001 271434
005 20171108160438.0
200    $a Ternest  $b Karel Lodewijk 
801    $a FR $b 595126101 $c 20171108
100    $a 20171108afrey50      ba0
152    $b NP

