00726cx  a2200253   4500
001 271594
003 http://catalogue.bnf.fr/ark:/12148/cb17138107j
005 20240518055029.0
010    $a 0000000460888953 $2 ISNI $d 20170712
033    $a http://catalogue.bnf.fr/ark:/12148/cb17138107j
035    $a FRBNF171381070
100    $a 20170705afrey50      ba0
101    $a fre
102    $a FR
103    $a  19..               
105    $a a
106    $a 1  
120    $a a
200    $7 ba0yba0y $8 fre    $9  0  $a Esquevin $b Isabelle
300 0  $a Architecte. - Vit à Tahiti (en 2017)
801    $a FR $b FR-751131015 $c 20170707
810    $a Tahitian street art / Isabelle Esquevin, 2017
999    $a FRBNF171381070 $b 17138107
152    $b NP

