00792nx  a2200265   4500
001 271716
003 http://catalogue.bnf.fr/ark:/12148/cb15601113r
005 20240509040430.0
010    $a 0000000001554997 $2 VIAF $d 20130806
033    $a http://catalogue.bnf.fr/ark:/12148/cb15601113r
035    $a FRBNF156011135
100    $a 20080204afrey50      ba0
101    $a fre
102    $a FR
103    $a  1976               
105    $a a
106    $a 1  
120    $a b
200    $7 ba0yba0y $8 fre    $9  0  $a Moreau-Sainz $b Philippe $f 1976-....
300 0  $a Romancier
400    $7 ba0yba0y $8 fre    $9     $a Sainz $b Philippe Moreau- $f 1976-....
801    $a FR $b FR-751131015 $c 20080204
810    $a Los Angeles 32 / Philippe Moreau-Sainz, impr. 2007
999    $a FRBNF156011135 $b 15601113
152    $b NP

