01035cx  a2200277   4500
001 271835
003 http://catalogue.bnf.fr/ark:/12148/cb166984854
005 20240518055900.0
010    $a 0000000416493882 $2 ISNI $d 20150313
033    $a http://catalogue.bnf.fr/ark:/12148/cb166984854
035    $a FRBNF166984857
100    $a 20130718afrey50      ba0
101    $a fre
102    $a FR
103    $a  1985    ?          
105    $a a
106    $a 1  
120    $a a
200    $7 ba0yba0y $8 fre    $9  0  $a Aubanel $b Laurie $f 1985?-....
300 0  $a Assistante de production. - Scénariste. - Étudiante en licence de cinéma (en 2013)
801    $a FR $b FR-751131015 $c 20130827
810    $a Paulette [Images animées] / Jérome Enrico, réal., scénario, dial. ; Bianca Olsen, Laurie Aubanel, Cyril Rambour, scénario. Gaumont vidéo, 2012
810    $a Doyoubuzz - http://www.doyoubuzz.com/laurie-aubanel (2013-08-27)
856    $u http://www.doyoubuzz.com/laurie-aubanel $e 2013-08-27
999    $a FRBNF166984857 $b 16698485
152    $b NP

