00786nx  a2200241   4500
001 271951
003 http://catalogue.bnf.fr/ark:/12148/cb16728243c
005 20240509041249.0
033    $a http://catalogue.bnf.fr/ark:/12148/cb16728243c
035    $a FRBNF167282433
100    $a 20131205afrey50      ba0
101    $a fre
102    $a FR
103    $a  1989               
105    $a a
106    $a 1  
120    $a a
200    $7 ba0yba0y $8 fre    $9  0  $a Nicolet $b Claire $f 1989-....
300 0  $a Artiste diplômée des métiers d'art, option gravure, de l'Ecole Estienne en 2010 et du DNAP de l'Ensba en 2013
801    $a FR $b FR-751131015 $c 20131205
810    $a Plan de l'atelier Bo Halbirk : Image fixe : [estampe]/ C. Nicolet, 2011
999    $a FRBNF167282433 $b 16728243
152    $b NP

