00907cx  a2200265   4500
001 272067
003 http://catalogue.bnf.fr/ark:/12148/cb131958450
005 20240518055914.0
010    $a 0000000000638531 $2 ISNI $d 20150312
033    $a http://catalogue.bnf.fr/ark:/12148/cb131958450
035    $a FRBNF131958450
039    $o OPL $a 013912055
100    $a 19980625afrey50      ba0
101    $a fre
102    $a FR
103    $a  19..               
105    $a a
106    $a 1  
120    $a a
200    $7 ba0yba0y $8 fre    $9  0  $a Coté $b Myriam
300 0  $a Docteur en signal et images (École nationale supérieure des télécommunications, 1997)
801    $a FR $b FR-751131015 $c 20190121
810    $a Utilisation d'un modèle d'accès lexical et de concepts perceptifs pour la reconnaissance d'images de mots récursifs / Myriam Coté, 1997 [thèse]
999    $a FRBNF131958450 $b 13195845
152    $b NP

