00829cx  a2200265   4500
001 272357
003 http://catalogue.bnf.fr/ark:/12148/cb16619228b
005 20240519053552.0
010    $a 0000000376598398 $2 ISNI $d 20150313
033    $a http://catalogue.bnf.fr/ark:/12148/cb16619228b
035    $a FRBNF166192285
100    $a 20120814afrey50      ba0
101    $a fre
102    $a CN
103    $a  19..               
105    $a a
106    $a 1  
120    $a a
152    $c 2 $b NP
200    $7 ba0yba0y $8 fre    $9  0  $a Qin $b Leng
300 0  $a Auteur d'ouvrages pour la jeunesse
400    $7 ba0yba0y $8 fre    $9     $a Qin Leng
801    $a FR $b FR-751131015 $c 20190102
810    $a Où est le petit chien ? / Mathew Price ; illustré par Qin Leng, DL 2012 $a Je suis petite / Qin Leng, DL 2018
999    $a FRBNF166192285 $b 16619228

