00748cx  a2200253   4500
001 272473
003 http://catalogue.bnf.fr/ark:/12148/cb171343550
005 20240509043032.0
010    $a 0000000460790518 $2 ISNI $d 20170629
033    $a http://catalogue.bnf.fr/ark:/12148/cb171343550
035    $a FRBNF171343550
100    $a 20170619afrey50      ba0
101    $a fre
102    $a FR
103    $a  19..               
105    $a a
106    $a 1  
120    $a b
200    $7 ba0yba0y $8 fre    $9  0  $a Jaunin $b Antoine
300 0  $a Auteur de romans pour la jeunesse. - Journaliste
801    $a FR $b FR-751131015 $c 20170621
810    $a Le pont des oubliés / Romain Quirot & Antoine Jaunin, 2017
999    $a FRBNF171343550 $b 17134355
152    $b NP

