00727nx  a2200253   4500
001 272593
003 http://catalogue.bnf.fr/ark:/12148/cb16930062q
005 20240511032546.0
010    $a 0000000440354698 $2 ISNI $d 20160217
033    $a http://catalogue.bnf.fr/ark:/12148/cb16930062q
035    $a FRBNF169300620
100    $a 20141205afrey50      ba0
101    $a fre
102    $a FR
103    $a  19..               
105    $a a
106    $a 1  
120    $a a
200    $7 ba0yba0y $8 fre    $9  0  $a Pillard $b Jackie
300 0  $a Formatrice pour adultes dans le domaine sanitaire et social
801    $a FR $b FR-751131015 $c 20141205
810    $a IFSI / Jackie Pillard, 2014
999    $a FRBNF169300620 $b 16930062
152    $b NP

