00912cx  a2200265   4500
001 272710
003 http://catalogue.bnf.fr/ark:/12148/cb14549935q
005 20240509044548.0
010    $a 0000000077319440 $2 ISNI $d 20150313
033    $a http://catalogue.bnf.fr/ark:/12148/cb14549935q
035    $a FRBNF145499352
039    $o OPP $a 14952907 $d 20130719
100    $a 20040612afrey50      ba0
101    $a fre
102    $a FR
103    $a  19..               
105    $a a
106    $a 1  
120    $a b
200    $7 ba0yba0y $8 fre    $9  0  $a Melloul $b Richard
300 0  $a Photographe
801    $a FR $b FR-751131015 $c 20131211
810    $a Cap Rudra / entretien de Maurice Béjart avec Jean-Pierre Pastori ; sous le regard photographique de Mireille Darc et Richard Melloul, 1992 $a Sardou / photographies de Richard Melloul ; textes de Michel Sardou, cop. 2012
999    $a FRBNF145499352 $b 14549935
152    $b NP

00217    a2200097   4500
001 272869
005 20180207183813.0
250    $a Jazz $x Ouvrages illustrés
801    $a FR $b 595126101 $c 20180207
100    $a 20180207afrey50      ba0
152    $b SNC

