01324cx  a2200325   4500
001 273050
003 http://catalogue.bnf.fr/ark:/12148/cb118661041
005 20240511060224.0
033    $a http://catalogue.bnf.fr/ark:/12148/cb118661041
035    $a FRBNF118661049
039    $o OPL $a 000040906
100    $a 19840925afrey50      ba0
101    $a mul
102    $a ZZ
103    $a  1972               
105    $a a
106    $a 010
150    $a f $b   33
152    $c 2 $b CO
210    $7 ba0yba0y $8 frefre $9 20  $a Système international de données sur les publications en série
300    $a Créé en 1972 en application du programme UNISIST
410    $7 ba0yba0y $8 fre    $9     $a ISDS
410    $7 ba0yba0y $8 fre    $9     $a UNISIST $b International serials data system
410    $7 ba0yba0y $8 fre    $9     $a UNISIST $b Système international de données sur les publications en série
550    $5 h $3 11942988 $7 ba0yba0y $8 fre    $9     $a Numéro international normalisé des publications en série
550    $5 g $3 11959264 $7 ba0yba0y $8 fre    $9     $a Publications en série $x Gestion, Systèmes de
710    $7 ba0yba0y $8 freeng $9 20  $a International serials data system
801    $a FR $b FR-751131015 $c 20030519
810    $a Principes de l'ISDS, 1973 $a Rens. obtenus auprès du CNEPS, 1987-02-24
999    $a FRBNF118661049 $b 11866104

