01004cx  a2200265   4500
001 273229
003 http://catalogue.bnf.fr/ark:/12148/cb11896634z
005 20240518063415.0
010    $a 0000000379006183 $2 ISNI $d 20160215
033    $a http://catalogue.bnf.fr/ark:/12148/cb11896634z
035    $a FRBNF118966346
039    $o OPL $a 000601257
100    $a 19790328afrey50      ba0
101    $a fre
102    $a FR
103    $a  19..               
105    $a a
106    $a 1  
200    $7 ba0yba0y $8 fre    $9  0  $a Chevallier $b Laurent $f 19..-.... $c instituteur
300 0  $a Instituteur spécialisé, enseignant au Centre de formation des maîtres pour l'enfance inadaptée de Lyon (en 1977)
330    $a Le prénom est bien Laurent et non pas Louis comme il est parfois indiqué de façon erronée sur les déclarations DL des éd. Hatier
801    $a FR $b FR-751131015 $c 19951121
810    $a Le nouveau sablier / par L. Chevallier, H. Giraud, 1981
999    $a FRBNF118966346 $b 11896634
152    $b NP

