01231cx  a2200349   4500
001 273410
003 http://catalogue.bnf.fr/ark:/12148/cb11989755w
005 20240505064731.0
010    $a 0000000119310824 $2 VIAF $d 20130724
033    $a http://catalogue.bnf.fr/ark:/12148/cb11989755w
035    $a FRBNF119897554
039    $o OPL $a 002284930
039    $o OPP $a 14046127 $d 20080704
039    $o OPP $a 15492080 $d 20170731
100    $a 19851125afrey50      ba0
101    $a fre
102    $a FR
103    $a  1993               
105    $a a
106    $a 1  
150    $a z $b e3  
210    $7 ba0yba0y $8 fre    $9 20  $a Office universitaire d'études normandes $c Caen
303    $a Esplanade de la Paix, CS 14032, 14032 Caen Cedex 5
410    $7 ba0yba0y $8 fre    $9     $a OUEN
410    $7 ba0yba0y $8 fre    $9     $a CUEN
410    $7 ba0yba0y $8 fre    $9     $a Centre universitaire d'études normandes $c Caen
410    $7 ba0yba0y $8 fre    $9     $a Centre d'études normandes $c Caen
410    $7 ba0yba0y $8 fre    $9     $a Université de Caen Normandie $b Office universitaire d'études normandes
801    $a FR $b FR-751131015 $c 20240131
856    $u https://ouen.unicaen.fr $e 2024-01-31
999    $a FRBNF119897554 $b 11989755
152    $b CO

