01252cx  a2200325   4500
001 273618
003 http://catalogue.bnf.fr/ark:/12148/cb12391305m
005 20240507063056.0
010    $a 0000000054716865 $2 VIAF $d 20130726
033    $a http://catalogue.bnf.fr/ark:/12148/cb12391305m
035    $a FRBNF123913053
039    $o OPL $a 01019083X
039    $o OPP $a 14312758 $d 20180524
039    $o OPP $a 15479870 $d 20180524
100    $a 19940425afrey50      ba0
101    $a fre
102    $a FR
103    $a  18880611  19800422 
105    $a a
106    $a 1  
120    $a b
200    $7 ba0yba0y $8 fre    $9  0  $a Parturier $b Maurice $f 1888-1980
300 0  $a Médecin. - Homme de lettres, historien et spécialiste de littérature française
301    $a Paris, 4e arrondissement (France) $b Saint-Germain-en-Laye (Yvelines)
801    $a FR $b FR-751131015 $c 20190409
810    $a Lettres aux Grasset / Prosper Mérimée ; éd. documentaire établie par Maurice Parturier, 1929
810    $a WW, France, 1975-1976 $a État civil de Paris, 4e arr. (France). Naissances, 12/06/1888, n° 1250 : Parturier, Maurice Gaston ; [date et lieu de décès en report marginal]
810    $a BN Cat. gén. suppl.
999    $a FRBNF123913053 $b 12391305
152    $b NP

