02465cx  a2200457   4500
001 273960
003 http://catalogue.bnf.fr/ark:/12148/cb120097952
005 20240515053109.0
033    $a http://catalogue.bnf.fr/ark:/12148/cb120097952
035    $a FRBNF120097958
039    $o OPL $a 010328903 $z AMA
039    $o OPL $a 002496029 $z TUT
100    $a 19870101afrey50      ba0
101 0  $a jpn
102    $a JP
103    $a  11..    ?          
106    $a 010
152    $c 2 $b TU
154    $a |a
230    $7 ba0yba0f $8 frejpn $9  0  $a Konjaku monogatari
300    $a Recueil japonais de contes anecdotiques traitant des origines et du développement du bouddhisme en Inde, en Chine et au Japon. Constitué à la fin du XIe s. ou début du XIIe s. Composé de 1065 histoires, réparties en 31 livres. Continuation postérieure sous le titre : "Uji shū-i monogatari" (Récits supplémentaires de Uji)
430    $7 ba0yba0f $8 frejpn $9     $a Konjaku monogatari-shū
430    $7 ba0yea0y $8 frejpn $9     $a 今昔物語集
430    $7 ba0yba0f $8 frejpn $9     $a Konjaku monogatarishū
430    $7 ba0yba0y $8 frejpn $9     $a Konzyaku monogatarisyū
430    $7 ba0yba0y $8 freeng $9     $a Konjaku monogatari collection
430    $7 ba0yba0y $8 freeng $9     $a Tales of times now past
430    $7 ba0yba0y $8 frefre $9     $a Contes de jadis
430    $7 ba0yba0y $8 frefre $9     $a Histoires du premier sous-secrétaire de Uji
430    $7 ba0yba0y $8 frefre $9     $a Histoires du Grand référendaire d'Uji
430    $7 ba0yba0y $8 frefre $9     $a Histoires qui sont maintenant du passé
430    $7 ba0yba0y $8 frefre $9     $a Récits d'autrefois
430    $7 ba0yba0y $8 frefre $9     $a Récits du conseiller d'État de Uji
500    $5 xxxxa $0 Attribué, en partie, à $3 12119437 $7 ba0yba0f $8 fre    $9  0  $a Minamoto $b Takakuni $f 1004-1077
530    $5 xxz $0 Voir aussi :  $3 16737917 $7 ba0yba0f $8 frejpn $9  0  $a Uji shūi monogatari
730    $7 ba0yea0y $8 frejpn $9  0  $a 今昔物語
801    $a FR $b FR-751131015 $c 20141119
810    $a Laffont Bompiani, Oeuvres : Konjaku monogatari
810    $a Web NDL, 2014 $a Histoire de la littérature japonaise / Suichi Kato, 1985, vol. 1, p. 232 : Konjaku monogatari $a La littérature japonaise / René Sieffert, 1986 : Konjaku monogatari $a DLL (sous : Japon, littérature) : Histoires qui sont maintenant du passé
810    $a BN Cat. gén. 1960-1969 : Konjaku monogatari shū $a BnF Service japonais, 2014-11-19
999    $a FRBNF120097958 $b 12009795

