03419cx  a2200517   4500
001 274171
003 http://catalogue.bnf.fr/ark:/12148/cb12228275k
005 20240512075034.0
033    $a http://catalogue.bnf.fr/ark:/12148/cb12228275k
035    $a FRBNF122282756
039    $o OPL $a 007885486 $z ATU
039    $o OPL $a 001896166 $z AMA
100    $a 19911211afrey50      ba0
101 0  $a grc
102    $a XX
103    $a -032.               
106    $a 010
152    $c 2 $b SAUTTIT
154    $a |a
240    $a Aristote $f 0384-0322 av. J.-C. $9  1  $7 ba0yba0y $8 frefre $t Constitution d'Athènes
300    $a Catégorie de l'oeuvre : Oeuvres textuelles
300    $a L'une des 158 constitutions des États grecs rédigées par l'auteur comme illustration de son œuvre théorique "La politique". Découverte en 1890
440    $a Aristote $f 0384-0322 av. J.-C. $7 ba0yba0y $8 frefre $t La constitution des Athéniens
440    $a Aristote $f 0384-0322 av. J.-C. $7 ba0yba0y $8 frefre $t La République athénienne
440    $a Aristote $f 0384-0322 av. J.-C. $7 ba0yba0y $8 frelat $t De republica Atheniensium
440    $a Aristote $f 0384-0322 av. J.-C. $7 ba0yba0y $8 frelat $t (De) republica Atheniensium
440    $a Aristote $f 0384-0322 av. J.-C. $7 ba0yba0e $8 fregre $t ̓Athēnaíōn politeía
440    $a Aristote $f 0384-0322 av. J.-C. $7 ba0yba0y $8 freger $t Staatswesen der Athener
440    $a Aristote $f 0384-0322 av. J.-C. $7 ba0yba0y $8 freger $t Staat der Athener
440    $a Aristote $f 0384-0322 av. J.-C. $7 ba0yba0y $8 freeng $t Athenian constitution
440    $a Aristote $f 0384-0322 av. J.-C. $7 ba0yba0y $8 freeng $t On the Athenian constitution
440    $a Aristote $f 0384-0322 av. J.-C. $7 ba0yba0y $8 freeng $t On the constitution of Athens
440    $a Aristote $f 0384-0322 av. J.-C. $7 ba0yba0y $8 freeng $t Constitution of Athens
440    $a Aristote $f 0384-0322 av. J.-C. $7 ba0yba0y $8 frehun $t Az Atheni állam
440    $a Aristote $f 0384-0322 av. J.-C. $7 ba0yba0a $8 frehin $t Athanaiyon pauliteiya
440    $a Aristote $f 0384-0322 av. J.-C. $7 ba0yja0y $8 frehin $t अथनइयोन् पौलितेइया
686    $a 100 $c Philosophie $2 Note de regroupement par domaine
740    $a Aristote $f 0384-0322 av. J.-C. $9  0  $7 ba0yba0y $8 frelat $t Athenensium respublica
740    $a Aristote $f 0384-0322 av. J.-C. $9  0  $7 ba0yba0a $8 fregre $t ̓Athīnaíōn politeía
740    $a Aristote $f 0384-0322 av. J.-C. $9  0  $7 ba0yga0y $8 fregre $t Ἀθηναίων πολιτεία
801    $a FR $b FR-751131015 $c 20190205
810    $a Coll. Budé : Constitution d'Athènes $a DOC / V. Volpi, 1994 (sous : Aristoteles. Fragmenta. Reipublicae) : Athenensium respublica ;  ̓Athīnaíōn politeía, translittération selon la norme ISO 843 (1997) $a Aristū kī rājanīti  : Aristū-kr̥ta "Pauliṭiksa" aura "Athanaiyon pauliteiyā" kā mūla grīka se anuvāda / Aristū ; anuvādaka Bholānātha Śarmā, 1956
810    $a Laffont-Bompiani, Œuvres, 1987 : Constitution d'Athènes $a Encycl. universalis (sous : Aristote) : Constitution d'Athènes - http://www.universalis-edu.com (2005-08-23) $a Dictionnaire des philosophes antiques. Supplément / sous la dir. de Richard Goulet, 2003, p. 203 : La constitution des Athéniens
810    $a BN Cat. gén. (sous : Aristote) et BN Cat. gén. 1960-1969 (sous : Aristoteles) : De Republica Atheniensium
856    $u http://www.universalis-edu.com $e 2005-08-23
999    $a FRBNF122282756 $b 12228275

