01266cx  a2200313   4500
001 274320
003 http://catalogue.bnf.fr/ark:/12148/cb11905372r
005 20240513051004.0
010    $a 0000000081297002 $2 VIAF $d 20130724
033    $a http://catalogue.bnf.fr/ark:/12148/cb11905372r
035    $a FRBNF119053726
039    $o OPL $a 000832659
039    $o OPP $a 11501902 $d 20170907
100    $a 19750507afrey50      ba0
101    $a fre
102    $a FR
103    $a  19251013  20170816 
105    $a a
106    $a 010
120    $a b
200    $7 ba0yba0y $8 fre    $9  0  $a Gonnaud $b Maurice $f 1925-2017
300    $a Écrit aussi en anglais
300    $a Spécialiste de littérature américaine. - Assistant à la Faculté des Lettres de Dijon de 1953 à 1959. - Détaché au CNRS de 1959 à 1961. - Professeur à l'Université de Lyon de 1961 à 1986. - "Visiting professor" à Harvard en 1985
801    $a FR $b FR-751131015 $c 20170907
810    $a La Littérature américaine : jusqu'en 1865 / Jean Béranger, Maurice Gonnaud, 1974
810    $a LC Authorities - https://lccn.loc.gov/n86058281 (2017-09-07) $a Le Monde, 2017-08-20/21 (avis de décès)
856    $u https://lccn.loc.gov/n86058281 $e 2017-09-07
999    $a FRBNF119053726 $b 11905372
152    $b NP

