00871cx  a2200277   4500
001 274459
003 http://catalogue.bnf.fr/ark:/12148/cb12839379q
005 20240514051406.0
010    $a 0000000110286901 $2 ISNI $d 20161107
033    $a http://catalogue.bnf.fr/ark:/12148/cb12839379q
035    $a FRBNF128393795
039    $o OPL $a 00657305X
100    $a 19910228afrey50      ba0
101    $a eng
102    $a US
103    $a  19090704  19740114 
105    $a a
106    $a 1  
120    $a b
152    $c 2 $b NP
200    $7 ba0yba0y $8 fre    $9  0  $a Finkelstein $b Sidney $f 1909-1974
801    $a FR $b FR-751131015 $c 20160118
810    $a Jazz : a people's music / by Sidney Finkelstein, 1975
810    $a Library of Congress authorities - http://authorities.loc.gov (2016-01-18)
856    $u http://authorities.loc.gov $e 2016-01-18
999    $a FRBNF128393795 $b 12839379

