00922cx  a2200289   4500
001 274590
003 http://catalogue.bnf.fr/ark:/12148/cb135011030
005 20240515052537.0
010    $a 000000001571877X $2 ISNI $d 20150312
033    $a http://catalogue.bnf.fr/ark:/12148/cb135011030
035    $a FRBNF135011032
039    $o OPL $a 014377965
100    $a 19990421afrey50      ba0
101    $a fre
102    $a FR
103    $a  19330704           
105    $a a
106    $a 010
120    $a b
200    $7 ba0yba0y $8 fre    $9  0  $a Blaquière $b Roger $f 1933-....
300    $a Peintre, graveur, sculpteur, illustrateur
686    $a 700 $c Arts $2 Note de regroupement par domaine
801    $a FR $b FR-751131015 $c 20180928
810    $a À mots gourmands / Georges Jean ; dessins de Roger Blaquière, 2011
810    $a Roger Blaquière : aux rivages du mythe, impr. 2018
999    $a FRBNF135011032 $b 13501103
152    $b NP

