00946cx  a2200313   4500
001 274751
003 http://catalogue.bnf.fr/ark:/12148/cb12768123r
005 20240516061228.0
010    $a 0000000041100674 $2 ISNI $d 20170818
033    $a http://catalogue.bnf.fr/ark:/12148/cb12768123r
035    $a FRBNF127681232
039    $o OPL $a 005620496
100    $a 19901126afrey50      ba0
101    $a fre
102    $a FR
103    $a  18961015  19850808 
105    $a a
106    $a 1  
120    $a a
200    $7 ba0yba0y $8 fre    $9  0  $a Jacob $b Madeleine $f 1896-1985
300 0  $a Journaliste
301    $a Paris
400    $5 e $7 ba0yba0y $8 fre    $9     $a M. J. $f 1896-1985
801    $a FR $b FR-751131015 $c 20100607
810    $a Quarante ans de journalisme / Madeleine Jacob, 1970
810    $a Qui était qui, XXe siècle / Béatrice et Michel Wattel, 2005
810    $a BN Cat. gén. 1960-1969
999    $a FRBNF127681232 $b 12768123
152    $b NP

