01014cx  a2200253   4500
001 275015
003 http://catalogue.bnf.fr/ark:/12148/cb12573061p
005 20240508072616.0
033    $a http://catalogue.bnf.fr/ark:/12148/cb12573061p
035    $a FRBNF125730613
039    $o OPL $a 013342705
100    $a 19970721afrey50      ba0
106    $a 211
152    $b SNC $c 2
159    $a rameau
250    $7 ba0yba0y $8 fre    $9     $a Agents intelligents (logiciels)
450    $7 ba0yba0y $8 fre    $9     $a Agents autonomes (logiciels)
550    $5 h $3 17100386 $7 ba0yba0y $8 fre    $9     $a Assistants personnels intelligents (logiciels)
550    $5 h $3 13769577 $7 ba0yba0y $8 fre    $9     $a Agents mobiles (logiciels)
686    $a 621 $2 Note de regroupement par domaine
801    $a FR $b FR-751131015 $c 20010321
822 12 $a Agents intelligents (logiciels) $2 RVMLaval $d 2001-03-21
822 1  $a Intelligent agents (Computer software) $2 LCSH $u http://id.loc.gov/authorities/subjects/sh97000493 $d 2017-02-09
999    $a FRBNF125730613 $b 12573061

