00798cx  a2200241   4500
001 275220
003 http://catalogue.bnf.fr/ark:/12148/cb14180547k
005 20240509071318.0
010    $a 0000000370007315 $2 VIAF $d 20130801
033    $a http://catalogue.bnf.fr/ark:/12148/cb14180547k
035    $a FRBNF141805474
100    $a 20030310afrey50      ba0
102    $a XX
103    $a  19..               
105    $a i
106    $a 1  
120    $a b
152    $c 2 $b NP
200    $7 ba0yba0y $8 fre    $9  0  $a Gaubert $b Antoine $f 19..-.... $c acteur
300 0  $a Acteur
801    $a FR $b FR-751131015 $c 20131230
810    $a Le lion [Multimédia multisupport] / Joseph Kessel, aut. ; Philippe Mignon, ill. ; Antoine Gaubert, Sophie Wright, voix... [et al.]. Gallimard, 1997
999    $a FRBNF141805474 $b 14180547

