01205cx  a2200289   4500
001 275527
003 http://catalogue.bnf.fr/ark:/12148/cb120276188
005 20240514062339.0
033    $a http://catalogue.bnf.fr/ark:/12148/cb120276188
035    $a FRBNF120276181
039    $o OPL $a 002982807
100    $a 19840101afrey50      ba0
106    $a 211
152    $b SNC $c 2
159    $a rameau
180    $a b
280  0 $7 ba0yba0y $8 fre    $9     $a Théâtre (genre littéraire) hongrois
480  0 $7 ba0yba0y $8 fre    $9   2 $a Théâtre hongrois
550    $5 z $0 Voir aussi $3 12372402 $7 ba0yba0y $8 fre    $9     $a Auteurs dramatiques hongrois
580  0 $5 h $3 15517753 $7 ba0yba0y $8 fre    $9     $a Théâtre historique hongrois
580  0 $5 h $3 12190127 $7 ba0yba0y $8 fre    $9     $a Théâtre populaire hongrois
580  0 $5 h $3 16525766 $7 ba0yba0y $8 fre    $9     $a Théâtre religieux hongrois
580  0 $5 g $3 13162916 $7 ba0yba0y $8 fre    $9     $a Littérature hongroise
686    $a 800 $c Histoire et critique littéraires $2 Note de regroupement par domaine
801    $a FR $b FR-751131015 $c 20141030
822 1  $a Hungarian drama $2 LCSH $u http://id.loc.gov/authorities/subjects/sh85062993 $d 2017-02-09
999    $a FRBNF120276181 $b 12027618

