00779cx  a2200241   4500
001 275721
003 http://catalogue.bnf.fr/ark:/12148/cb14591970b
005 20240516032702.0
010    $a 0000000001352455 $2 VIAF $d 20130802
033    $a http://catalogue.bnf.fr/ark:/12148/cb14591970b
035    $a FRBNF145919703
100    $a 20041221afrey50      ba0
101    $a fre
102    $a FR
103    $a  19630224           
105    $a a $a p
106    $a 1  
120    $a a
200    $7 ba0yba0y $8 fre    $9  0  $a Brisac $b Nathalie $f 1963-....
801    $a FR $b FR-751131015 $c 20230202
810    $a Thésée contre le Minotaure [Multimédia multisupport] / adaptation, Nathalie Brisac. EPM jeunesse, 2004 $a Devine ! / Nathalie Brissac, 2012
999    $a FRBNF145919703 $b 14591970
152    $b NP

