00939cx  a2200277   4500
001 275882
003 http://catalogue.bnf.fr/ark:/12148/cb155296588
005 20240506032159.0
010    $a 0000000058878239 $2 VIAF $d 20130806
033    $a http://catalogue.bnf.fr/ark:/12148/cb155296588
035    $a FRBNF155296585
039    $o OPP $a 16788498 $d 20171204
100    $a 20070504afrey50      ba0
102    $a FR
103    $a  19760512           
105    $a a
106    $a 1  
120    $a a
200    $7 ba0yba0y $8 fre    $9  0  $a Gouel $b Oréli $f 1976-....
300 0  $a Illustratrice. - Graphiste
801    $a FR $b FR-751131015 $c 20171204
810    $a Coton blues / un conte de Régine Joséphine ; illustré par Oréli Gouel, DL 2007
810    $a Site de l'artiste : pas de date de naissance - http://mapage.noos.fr/oreli (2011-07-05)
856    $u http://mapage.noos.fr/oreli/ $e 2011-07-05
999    $a FRBNF155296585 $b 15529658
152    $b NP

