01383cx  a2200289   4500
001 276074
003 http://catalogue.bnf.fr/ark:/12148/cb12505635t
005 20230907060710.0
010    $a 0000000121194738 $2 VIAF $d 20130729
033    $a http://catalogue.bnf.fr/ark:/12148/cb12505635t
035    $a FRBNF12505635X
039    $o OPL $a 012322226
100    $a 19960315afrey50      ba0
101    $a fre
102    $a FR
103    $a  19630330           
105    $a a
106    $a 010
120    $a a
200    $7 ba0yba0y $8 fre    $9  0  $a Thoisy-Dallem $b Anne de $f 1963-....
300    $a Conservateur du patrimoine. - En poste au Musée Ochier de Cluny (en 1994), au Musée national de la marine (en 2004), au Musée de la toile de Jouy (en 2011)
400    $7 ba0yba0y $8 fre    $9     $a Dallem $b Anne de Thoisy- $f 1963-....
400    $7 ba0yba0y $8 fre    $9     $a Thoisy $b Anne de $f 1963-....
801    $a FR $b FR-751131015 $c 20210119
810    $a Sagot, mémoire de Bourgogne : [exposition], Musée Ochier, Cluny, 1994 / catalogue établi et réd. par Anne de Thoisy, 1994 $a Canoës et kayaks : [exposition, Bry-sur-Marne... 2004] / sous la dir. de Patrice de Ravel et Anne de Thoisy-Dallem, [2004] $a Parties de campagne : jardins et champs dans la toile imprimée, XVIIIe-XIXe siècles / [sous la direction d'Anne de Thoisy-Dallem], impr. 2011
999    $a FRBNF12505635X $b 12505635
152    $b NP

