02899cx  a2200493   4500
001 276332
003 http://catalogue.bnf.fr/ark:/12148/cb122442662
005 20240515023731.0
033    $a http://catalogue.bnf.fr/ark:/12148/cb122442662
035    $a FRBNF122442666
039    $o OPL $a 008108298
100    $a 19920411afrey50      ba0
101 0  $a ara
102    $a ZZ
106    $a 1  
152    $c 2 $b TU
154    $a |a
230    $7 ba0yba0y $8 frefre $9  1  $a Mille et une nuits $i Les pantoufles
300 0  $a Un homme cherche à se débarrasser de ses pantoufles mais chaque tentative provoque une catastrophe. - Ms : Bodleian library, Oxford (Bodl. Or. 550-556). - Conte repris sous diverses formes dans le folkore arabe
430    $7 ba0yba0y $8 frefre $9     $a Les babouches d'Abou-Cassem
430    $7 ba0yba0y $8 frefre $9     $a Les babouches d'Abou Kassem
430    $7 ba0yba0y $8 frefre $9     $a Les sandales maudites
430    $7 ba0yba0y $8 frefre $9     $a Les sandales maudites d'Abou'lkacem Tanboury
430    $7 ba0yba0y $8 frefre $9     $a Les pantoufles
430    $7 ba0yba0y $8 freeng $9     $a The story of the qâdî and his slipper
430    $7 ba0yba0y $8 frebre $9     $a Ar babouchennoù strobinellet
430    $7 ba0yba0a $8 freara $9     $a Ḥiḏāʾ Abī al-Qāsim al-Ṭunbūrī
430    $7 ba0yfa0y $8 freara $9     $a حذاء أبي القاسم الطنبوري
430    $7 ba0yba0a $8 freara $9     $a Ḥiḏāʾ Abū al-Qāsim al-Ṭanbūrī
430    $7 ba0yba0a $8 freara $9     $a Madās Abī al-Qāsim al-Ṭanbūrī
430    $7 ba0yfa0y $8 freara $9     $a مداس أبي القاسم الطنبوري
530    $5 gxd $3 12008368 $7 ba0yba0y $8 frefre $9  1  $a Mille et une nuits
730    $7 ba0yba0a $8 freara $9  0  $a Alf laylaẗ wa-laylaẗ $i Ḥiḏāʾ al-Ṭunbūrī
730    $7 ba0yfa0y $8 freara $9  0  $a ألف ليلة و ليلة $i حذاء الطنبوري
801    $a FR $b FR-751131015 $c 20130913
810    $a Bibliogr. des ouvrages arabes / Victor Chauvin, 1901. Vol. VI, p. 129 : Les pantoufles $a Diwān al-ʿArab : Ḥiḏāʾ al-Ṭunbūrī - http://www.diwanalarab.com (2010-10-12)
810    $a Revue de l'Orient, 1856, p. 132 : Les sandales maudites d'Abou'lkacem Tanboury $a The Arabian nights encyclopedia / by Ulrich Marzolph and Richard van Leeuwen, 2004 : The story of the qâdî and his slipper $a Ar babouchennoù strobinellet / kempennet gant Francesc Boada, 1991 $a Šabakaẗ Ḍifāf li-ʿulūm al-luġaẗ al-ʿarabiyyaẗ : Ḥiḏāʾ Abī al-Qāsim al-Ṭunbūrī ; Madās Abī al-Qāsim al-Ṭanbūrī - http://www.dhifaf.com (2010-10-12)
810    $a BnF Service arabe, 2010-10-12
815    $a IFLA, Anonymous classics, 1964
815    $a LCNA 1977-1986 et 1987-1991
815    $a BN Cat. gén. 1960-1969. - BN Service arabe
856    $u http://www.diwanalarab.com $e 2010-10-12
856    $u http://www.dhifaf.com $e 2010-10-12
999    $a FRBNF122442666 $b 12244266

