00881cx  a2200253   4500
001 276518
003 http://catalogue.bnf.fr/ark:/12148/cb160312174
005 20240506053456.0
010    $a 0000000385247979 $2 VIAF $d 20130807
033    $a http://catalogue.bnf.fr/ark:/12148/cb160312174
035    $a FRBNF160312176
100    $a 20090520afrey50      ba0
101    $a fre
102    $a FR
103    $a  19780518           
105    $a a
106    $a 1  
120    $a a
200    $7 ba0yba0y $8 fre    $9  0  $a Guittienne $b Lucile $f 1978-....
300 0  $a Attachée de conservation du patrimoine. - Responsable du service des collections au Muséum-Aquarium de Nancy (en 2009)
801    $a FR $b FR-751131015 $c 20141229
810    $a Homme-femme : de quel sexe êtes-vous ? / sous la direction de Lucile Guittienne & Marlène Prost, DL 2009
999    $a FRBNF160312176 $b 16031217
152    $b NP

