00810cx  a2200241   4500
001 276668
003 http://catalogue.bnf.fr/ark:/12148/cb17030292s
005 20240509074142.0
010    $a 0000000459560184 $2 ISNI $d 20170201
033    $a http://catalogue.bnf.fr/ark:/12148/cb17030292s
035    $a FRBNF170302928
100    $a 20160302afrey50      ba0
101    $a fre
102    $a FR
103    $a  19871123           
105    $a a
106    $a 1  
120    $a b
200    $7 ba0yba0y $8 fre    $9  0  $a Chaumont $b Paul $f 1987-....
801    $a FR $b FR-751131015 $c 20160307
810    $a Le tour du coeur en 375 jours [Texte imprimé] : quatre amis d'enfance racontent leurr voyage humanitaire autour du monde / Paul Chaumont. - [Limoges] : Fyp éditions, DL 2014.
999    $a FRBNF170302928 $b 17030292
152    $b NP

