01271cx  a2200289   4500
001 276799
003 http://catalogue.bnf.fr/ark:/12148/cb170603037
005 20240514020129.0
033    $a http://catalogue.bnf.fr/ark:/12148/cb170603037
035    $a FRBNF170603034
100    $a 20160718afrey50      ba0
101    $a dut
102    $a NL
103    $a  1935               
105    $a a
106    $a 1  
152    $c 2 $b NP
200    $7 ba0yba0y $8 fre    $9  0  $a Dijk $b Hubert J. van $f 1935-....
300 0  $a Exégète, docteur en théologie. - Assistant à la faculté théologique de Nimègue (1967-1972). - Chanoine régulier de la Sainte-Croix de Coïmbre (depuis 1979)
400    $7 ba0yba0y $8 fre    $9     $a Dijk $b Hubert van $f 1935-....
400    $7 ba0yba0y $8 fre    $9     $a Van Dijk $b Hubert $f 1935-....
400    $7 ba0yba0y $8 fre    $9     $a Van Dijk $b Hubert J. $f 1935-....
801    $a FR $b FR-751131015 $c 20160801
810    $a Mon ange gardien [Texte imprimé] : un ami, un guide / P. Hubert van Dijk,.... - 2015 [sur 4ème de couv. : H. J. van Dijk]
810    $a VIAF : Bibliothèque royale des Pays-Bas : Dijk, H.J. van (Hubert) - http://viaf.org/viaf/162970909 (2016-08-01)
856    $u http://viaf.org/viaf/162970909 $e 2016-08-01
999    $a FRBNF170603034 $b 17060303

