00817cx  a2200253   4500
001 276936
003 http://catalogue.bnf.fr/ark:/12148/cb13521922w
005 20240515042320.0
010    $a 0000000000607997 $2 VIAF $d 20130730
033    $a http://catalogue.bnf.fr/ark:/12148/cb13521922w
035    $a FRBNF135219229
039    $o OPL $a 01435582X
100    $a 19990408afrey50      ba0
101    $a fre
102    $a FR
105    $a a
106    $a 1  
120    $a b
200    $7 ba0yba0y $8 fre    $9  0  $a Dubertret $b Gilles
300 0  $a Professeur de mathématiques. - Enseigne la cryptographie à l'IUT de Paris, Université de Paris V-René Descartes (en 1998)
801    $a FR $b FR-751131015 $c 20160114
810    $a Initiation à la cryptographie / Gilles Dubertret, 1998
999    $a FRBNF135219229 $b 13521922
152    $b NP

