00798nx  a2200253   4500
001 277065
003 http://catalogue.bnf.fr/ark:/12148/cb157947197
005 20240518041439.0
010    $a 000000004143798X $2 VIAF $d 20130806
033    $a http://catalogue.bnf.fr/ark:/12148/cb157947197
035    $a FRBNF157947190
100    $a 20081001afrey50      ba0
101    $a eng
102    $a US
103    $a  19..               
105    $a a
106    $a 1  
120    $a b
152    $c 2 $b NP
200    $7 ba0yba0y $8 fre    $9  0  $a Sanchez $b Alex
300 0  $a Dessinateur de bandes dessinées
801    $a FR $b FR-751131015 $c 20081001
810    $a Le plus costaud des héros ! / [scénario de Mike Raight] ; [dessin de Joe Dodd, Patrick Scherberger, Alex Sanchez], DL 2008
999    $a FRBNF157947190 $b 15794719

