00827cx  a2200241   4500
001 277205
003 http://catalogue.bnf.fr/ark:/12148/cb16796392t
005 20240510024705.0
010    $a 000000044330133X $2 ISNI $d 20170201
033    $a http://catalogue.bnf.fr/ark:/12148/cb16796392t
035    $a FRBNF16796392X
100    $a 20140813afrey50      ba0
102    $a ES
103    $a  1984               
105    $a a
106    $a 1  
120    $a b
152    $c 2 $b NP
200    $7 ba0yba0y $8 fre    $9  0  $a Montlló $b Miki $f 1984-....
300 0  $a Illustrateur pour les bandes dessinées, l'animation et les jeux vidéos
801    $a FR $b FR-751131015 $c 20161226
810    $a Warship Jolly Roger [Texte imprimé] / [dessins], Montlló ; Runberg. - [Bruxelles] ; [Paris] : Dargaud Benelux, DL 2016.
999    $a FRBNF16796392X $b 16796392

