00819cx  a2200253   4500
001 277443
003 http://catalogue.bnf.fr/ark:/12148/cb17704284q
005 20240509033528.0
010    $a 0000000464199434 $2 ISNI $d 20180110
033    $a http://catalogue.bnf.fr/ark:/12148/cb17704284q
035    $a FRBNF177042842
100    $a 20171230afrey50      ba0
101    $a fre
102    $a FR
103    $a  1986               
105    $a a
106    $a 1  
120    $a b
200    $7 ba0yba0y $8 fre    $9  0  $a Schürr $b Marie-Caroline $f 1986-....
300 0  $a Professeur d'anglais (en 2017)
801    $a FR $b FR-751131015 $c 20180103
810    $a Out of the box ! [Texte imprimé] : [la joie à roulettes] / Marie-Caroline Schürr. - Montrouge : Éditions du Jubilé, DL 2017.
999    $a FRBNF177042842 $b 17704284
152    $b NP

