00835nx  a2200241   4500
001 277570
003 http://catalogue.bnf.fr/ark:/12148/cb17705061r
005 20240509043908.0
033    $a http://catalogue.bnf.fr/ark:/12148/cb17705061r
035    $a FRBNF177050611
100    $a 20180105afrey50      ba0
101    $a eng
102    $a US
103    $a  19..               
105    $a a
106    $a 1  
120    $a b
152    $c 2 $b NP
200    $7 ba0yba0y $8 fre    $9  0  $a Corleone $b Douglas
300 0  $a Romancier. - Ancien avocat de la défense pour la ville de New York
801    $a FR $b FR-751131015 $c 20180105
810    $a L'équation Janson [Texte imprimé] / Douglas Corleone ; d'après Robert Ludlum ; traduit de l'anglais (États-Unis) par Henri Froment. - Paris : Bernard Grasset, DL 2017.
999    $a FRBNF177050611 $b 17705061

