00913cx  a2200253   4500
001 277700
003 http://catalogue.bnf.fr/ark:/12148/cb17159358n
005 20240509045907.0
010    $a 0000000463583020 $2 ISNI $d 20171101
033    $a http://catalogue.bnf.fr/ark:/12148/cb17159358n
035    $a FRBNF171593582
100    $a 20171024afrey50      ba0
101    $a eng
102    $a US
103    $a  19..               
105    $a a
106    $a 1  
120    $a a
152    $c 2 $b NP
200    $7 ba0yba0y $8 fre    $9  0  $a Kopecky $b Elyse
300 0  $a Chef cuisinier. - A travaillé dans le marketing
801    $a FR $b FR-751131015 $c 20171024
810    $a Run fast, eat slow [Texte imprimé] : des recettes savoureuses pour les athlètes / Shalane Flanagan et Elyse Kopecky ; photos de Alan Weiner ; [Traduit de l'américain par Françoise Zimmer]. - Paris : Amphora, cop. 2017.
999    $a FRBNF171593582 $b 17159358

