01261cx  a2200289   4500
001 277835
003 http://catalogue.bnf.fr/ark:/12148/cb12094911d
005 20240514032026.0
010    $a 0000000120984439 $2 ISNI $d 20150313
033    $a http://catalogue.bnf.fr/ark:/12148/cb12094911d
035    $a FRBNF120949119
039    $o OPL $a 004244183
100    $a 19840420afrey50      ba0
101    $a fre
102    $a FR
103    $a  19480522           
105    $a a
106    $a 1  
120    $a a
200    $7 ba0yba0y $8 fre    $9  0  $a Picot $b Françoise $f 1948-....
300 0  $a Licenciée d'histoire et ancienne enseignante et conseillère pédagogique. - Inspectrice de l'Éducation nationale à Vitry-le-François (en 2009)
801    $a FR $b FR-751131015 $c 20090914
810    $a Cahier d'histoire, CE2 : une terre, des hommes / François Picot, 1996 $a S'engager dans l'écrit au cycle 2 / travail réalisé par Mmes Champion J., Desimeur B., Didon N... [et al.] ; et avec la collab. de Delphine Picot ; sous la conduite de Françoise Picot, 2003
810    $a Éditions Retz - http://www.editions-retz.com/auteur-695.html (2009-03-04)
856    $u http://www.editions-retz.com/auteur-695.html $e 2009-03-04
999    $a FRBNF120949119 $b 12094911
152    $b NP

