00755nx  a2200241   4500
001 278052
003 http://catalogue.bnf.fr/ark:/12148/cb17121438r
005 20240510020852.0
010    $a 0000000460215193 $2 ISNI $d 20170426
033    $a http://catalogue.bnf.fr/ark:/12148/cb17121438r
035    $a FRBNF171214388
100    $a 20170419afrey50      ba0
102    $a XX
103    $a  19..               
105    $a a
106    $a 1  
120    $a b
152    $c 2 $b NP
200    $7 ba0yba0y $8 fre    $9  0  $a Farkas $b Rudolf
300 0  $a Illustrateur
801    $a FR $b FR-751131015 $c 20170419
810    $a Sur les traces des dinosaures / Simon Chapman ; illustrations, Ruldolf Furkus [i.e. Rudolf Farkas] et Mike Love, DL 2016
999    $a FRBNF171214388 $b 17121438

