01431cx  a2200313   4500
001 278167
003 http://catalogue.bnf.fr/ark:/12148/cb177164619
005 20240510022427.0
033    $a http://catalogue.bnf.fr/ark:/12148/cb177164619
035    $a FRBNF177164611
100    $a 20180220afrey50      ba0
106    $a 200
152    $b SNG $c 2
159    $a rameau
215    $7 ba0yba0y $8 fre    $9     $a Lakhdaria (Algérie)
300 1  $a Commune située en Kabylie, au nord de la wilaya de Bouira
415    $7 ba0yba0a $8 freara $9     $a Aẖḍariyyaẗ (Algérie)
415    $7 ba0yba0a $8 freara $9     $a Al-Aẖḍariyyaẗ (Algérie)
415    $7 ba0yba0y $8 fre    $9     $a Akhḍarīyah (Algérie)
415    $7 ba0yba0y $8 fre    $9     $a al-Akhḍarīyah (Algérie)
415    $7 ba0yba0y $8 fre    $9     $a Bālīsṭrū (Algérie)
415    $7 ba0yba0a $8 freara $9     $a Bālīstrū (Algérie)
415    $7 ba0yba0y $8 fre    $9     $a Palestro (Algérie)
686    $a 915 $2 Note de regroupement par domaine
801    $a FR $b FR-751131015 $c 20180228
810    $a Encycl. Larousse - http://www.larousse.fr/encyclopedie (2018-02-28) $a Wikipédia - https://fr.wikipedia.org/wiki/Lakhdaria (2018-02-28)
822 12 $a Lakhdaria (Algeria) $2 LCA $u http://id.loc.gov/authorities/names/no2008124848 $d 2018-02-20
856    $u http://www.larousse.fr/encyclopedie $e 2018-02-28 $u https://fr.wikipedia.org/wiki/Lakhdaria $e 2018-02-28
999    $a FRBNF177164611 $b 17716461

