00917nx  a2200253   4500
001 278292
003 http://catalogue.bnf.fr/ark:/12148/cb17131284k
005 20240509032403.0
010    $a 0000000464150016 $2 ISNI $d 20171221
033    $a http://catalogue.bnf.fr/ark:/12148/cb17131284k
035    $a FRBNF171312843
100    $a 20170606afrey50      ba0
101    $a fre
102    $a FR
103    $a  19..               
105    $a a
106    $a 1  
120    $a a
200    $7 ba0yba0y $8 fre    $9  0  $a Pivin $b Carole
300 0  $a Diplômée de l'Université de Paris IX Dauphine. - Enseigne la gestion de projets au Conservatoire national des arts et métiers (en 2017)
801    $a FR $b FR-751131015 $c 20170606
810    $a Comment parler de soi pour convaincre : l'art de parler de soi en entretien / Cécile Mellac ; avec la collaboration de Carole Pivin, 2017.
999    $a FRBNF171312843 $b 17131284
152    $b NP

