02758cx  a2200469   4500
001 278427
003 http://catalogue.bnf.fr/ark:/12148/cb12068264d
005 20240509042935.0
033    $a http://catalogue.bnf.fr/ark:/12148/cb12068264d
035    $a FRBNF120682641
039    $o OPL $a 003951686
100    $a 19880301afrey50      ba0
106    $a 211
152    $b SNC $c 2
159    $a rameau
250    $7 ba0yba0y $8 fre    $9     $a Khoi-Khoi (peuple d'Afrique)
330    $a L'adjectif ethnique correspondant est "khoi-khoi". Il est invariable
450    $7 ba0yba0y $8 fre    $9     $a Auen (peuple d'Afrique)
450    $7 ba0yba0y $8 fre    $9     $a Hotnot (peuple d'Afrique)
450    $7 ba0yba0y $8 fre    $9     $a Hottentot (peuple d'Afrique)
450    $7 ba0yba0y $8 fre    $9     $a Hottentots (peuple d'Afrique)
450    $7 ba0yba0y $8 fre    $9     $a Khoek-hoe (peuple d'Afrique)
450    $7 ba0yba0y $8 fre    $9     $a Khoekhoe (peuple d'Afrique)
450    $7 ba0yba0y $8 fre    $9     $a Khoi-Khois (peuple d'Afrique)
450    $7 ba0yba0y $8 fre    $9     $a Khoi (peuple d'Afrique)
450    $7 ba0yba0y $8 fre    $9     $a Khoi Khoin (peuple d'Afrique)
450    $7 ba0yba0y $8 fre    $9     $a Khoikhoi (peuple d'Afrique)
450    $7 ba0yba0y $8 fre    $9     $a Khoikhoin (peuple d'Afrique)
550    $5 h $3 16079475 $7 ba0yba0y $8 fre    $9     $a Femmes khoi-khoi
550    $5 h $3 11998670 $7 ba0yba0y $8 fre    $9     $a Korana (peuple d'Afrique)
550    $5 h $3 11998474 $7 ba0yba0y $8 fre    $9     $a Nama (peuple d'Afrique)
550    $5 h $3 17714181 $7 ba0yba0y $8 fre    $9     $a Prisonniers khoi-khoi
550    $5 g $3 11982304 $7 ba0yba0y $8 fre    $9     $a Ethnologie $y Afrique du Sud
550    $5 g $3 11982305 $7 ba0yba0y $8 fre    $9     $a Ethnologie $y Botswana
550    $5 g $3 11981577 $7 ba0yba0y $8 fre    $9     $a Ethnologie $y Namibie
550    $5 g $3 18076052 $7 ba0yba0y $8 fre    $9     $a Khoisan (peuple d'Afrique)
686    $a 390 $c Ethnologie, anthropologie, folklore $2 Note de regroupement par domaine
801    $a FR $b FR-751131015 $c 20230418
810    $a Atlas des peuples d'Afrique / J. Sellier, 2003 $a Ethnonymes et toponymes africains / Unesco, 1984 : Khoi Khoi $a Dict. des peuples /  J.-C. Tamisier, 1998 (art. : Nama) : Khoikhoi $a Ethnologie régionale / J. Poirier, 1972-1978 (p. 694) : Khoi-khoi ; Hottentots $a Encycl. of world cultures / D. Levinson, 1991-1996 : Khoi $a The peoples of Africa / J. S. Olson, 1996 : Khoikhoi $a African ethnonyms / D. P. Biebuyck, S. Kelliher, L. McRae, 1996 : Khoikhoi $a Almanac of African peoples and nations / M. Z. Yakan, 1999 (art. : Khoisan) : Khoikhoi
822 12 $a Khoikhoi (African people) $2 LCSH $u http://id.loc.gov/authorities/subjects/sh85072211 $d 2023-04-17
822 12 $a Khoi-Khoi (Peuple d'Afrique) $2 RVMLaval $d 2023-04-17
999    $a FRBNF120682641 $b 12068264

00203    a2200097   4500
001 278562
005 20180428165913.0
200    $a Beynel $b Eric
801    $a FR $b 595126101 $c 20180428
100    $a 20180428afrey50      ba0
152    $b NP

