00740nx  a2200253   4500
001 278836
003 http://catalogue.bnf.fr/ark:/12148/cb17077779g
005 20240514035115.0
033    $a http://catalogue.bnf.fr/ark:/12148/cb17077779g
035    $a FRBNF17077779X
100    $a 20161010afrey50      ba0
101    $a fre
102    $a FR
103    $a  19..               
105    $a a
106    $a 1  
120    $a a
200    $7 ba0yba0y $8 fre    $9  0  $a Brosset $b Mathilde
300 0  $a Illustratrice d'ouvrages pour la jeunesse
801    $a FR $b FR-751131015 $c 20161010
810    $a Meunier, tu dors ? / Mathilde Brosset, 2016
856    $u http://mathildebrosset.unblog.fr/ $e 2016-10-10
999    $a FRBNF17077779X $b 17077779
152    $b NP

