03458cx  a2200589   4500
001 278958
003 http://catalogue.bnf.fr/ark:/12148/cb139102137
005 20240510032531.0
033    $a http://catalogue.bnf.fr/ark:/12148/cb139102137
035    $a FRBNF139102134
039    $o OPL $a 01053239X
039    $o OPP $a 14804465 $d 20061117
039    $o OPP $a 16305503 $d 20130529
100    $a 19890821afrey50      ba0
102    $a XX
103    $a  189102    18920404 
106    $a 010
128    $a t  $b cb01 $b oa01
152    $c 2 $b SAUTTIT
154    $a |a
240    $a Čajkovskij $b Petr Ilʹič $f 1840-1893 $7 ba0yba0a $8 frerus $t Ŝelkunčik $s ČS 14 $l Ballet
300    $a Musique pour le ballet-féérie en 2 actes de même titre. - Argument de Marius Petipa d'après le conte d'Ernst Theodor Amadeus Hoffmann adapté par Alexandre Dumas père. - Date de composition : Prolovskoe, février 1891 - Majdanovo, mars 1892. - 1re représentation : Saint-Pétersbourg, Théâtre Marinskij,  6 décembre 1892
300    $a Il existe une orchestration nouvelle de Louis Aubert pour la version en un acte représentée à l'Opéra-Comique de Paris le 26 février 1947
440    $a Čajkovskij $b Petr Ilʹič $f 1840-1893 $7 ba0yba0y $8 freeng $t The Nutcracker $s ČW 14 $l Ballet
440    $a Čajkovskij $b Petr Ilʹič $f 1840-1893 $7 ba0yba0a $8 frerus $t Ŝelkunčik $s Op. 71 $l Ballet
440    $a Čajkovskij $b Petr Ilʹič $f 1840-1893 $7 ba0yba0y $8 frefre $t Casse-Noisette $s Op. 71 $l Ballet
440    $a Čajkovskij $b Petr Ilʹič $f 1840-1893 $7 ba0yba0e $8 frerus $t Shchelkunchik $s Op. 71 $l Ballet
440    $a Čajkovskij $b Petr Ilʹič $f 1840-1893 $7 ba0yba0y $8 freeng $t The Nutcracker $s Op. 71 $l Ballet
440    $a Čajkovskij $b Petr Ilʹič $f 1840-1893 $7 ba0yba0y $8 freger $t Der Nusscracker $s Op. 71 $l Ballet
500    $0 Orchestration nouvelle de $3 13890957 $7 ba0yba0y $8 fre    $9  0  $a Aubert $b Louis $f 1877-1968
540    $5 xxc $0 A pour adaptation :  $3 18000688 $a Ellington $b Duke $f 1899-1974 $t [Nutcracker suite]
540    $5 xxh $0 Postérieurement, voir $3 17906499 $a Guillou $b Jean $f 1930-2019 $t [Transcriptions. Tchaikovski, Piotr Ilich. Casse noisette. La fée Dragée. Orgue]
540    $5 xxh $0 Postérieurement, voir $3 13997441 $a Čajkovskij $b Petr Ilʹič $f 1840-1893 $t [Ŝelkunčik. ČS 32 (Suite)]
540    $5 xxz $0 Musique de $3 18013428 $a Eagling $a The nutcracker and the mouse king
540    $5 xxz $0 Musique de $3 18010688 $a Maillot $a Casse-Noisette circus
540    $5 xxz $3 17812669 $a Cherkaoui $a Casse-noisette
540    $5 xxz $0 Musique de $3 17716411 $a Bourne $a Nutcracker
540    $5 xxz $0 Musique de $3 17709448 $a Morris $a The hard nut
540    $5 xxz $0 Musique de $3 17132870 $a Tchouda $a Un Casse-noisette
540    $5 xxz $3 17108364 $a Béjart $a Casse-Noisette
540    $5 xxz $3 17108356 $a Malandain $a Casse-Noisette
540    $5 xxz $3 17106287 $a Verbruggen $a Casse-noisette
540    $5 xxz $3 13334385 $a Petipa $a Ŝelkunčik
540    $5 xxz $3 13334754 $a Neumeier $a Casse-noisette
540    $5 xxz $3 13613164 $a Strømgren $a Casse-noisette
686    $a 780 $c Musique $2 Note de regroupement par domaine
801    $a FR $b FR-751131015 $c 20180205
810    $a Vajdman, Korabelʹnikova et Rubcova, Čajkovskij
810    $a Grove music online : Shchelkunchik - http://www.grovemusic.com (2006-11-16)
810    $a Théâtre de l'Opéra-Comique Paris : répertoire 1762-1972 / Nicole Wild, David Charlton, 2005
856    $u http://www.grovemusic.com $e 2006-11-16
999    $a FRBNF139102134 $b 13910213

