00998cx  a2200301   4500
001 279122
003 http://catalogue.bnf.fr/ark:/12148/cb11331388r
005 20180726124958.0
010    $a 0000000062739362 $2 ISNI $d 20160215
100    $a 19970701afrey50      ba0
101    $a fre
102    $a FR
103    $a  1877      19..     
105    $a a
106    $a 1  
120    $a b
152    $a AFNOR Z 44-061 $b NP
200    $a Ponteau $b Ugène $f 1877-19..
300 0  $a Ecrivain et illustrateur de textes dans un langage lyonnais caricatural. - Pseudonyme d'Eugène Lefebvre
301    $a Feyzin (Rhône)
801    $a FR $b FR-751131015 $c 20150312
810    $a L'Entetation amatée : gognandise en un acte / de "l'Ugène Ponteau", 1925
810    $a Dictionnaire bio-bibliographique des écrivains lyonnais 1880-1940 / Bernard Poche, 2007
810    $a BN Ca. gén suppl.
009 http://catalogue.bnf.fr/ark:/12148/cb11331388r
035    $a FRBNF113313882
998    $a 149665
999    $a 11331388

