01616cx  a2200361   4500
001 279242
003 http://catalogue.bnf.fr/ark:/12148/cb121698963
005 20180726125000.0
010    $a 0000000079777824 $2 ISNI $d 20160215
039    $o OPL $a 005511372
039    $o OPL $a 007151567
039    $o OPP $a 10779684 $d 20090916
039    $o OPP $a 10177207 $d 20090916
039    $o OPP $a 12205800 $d 20151221
039    $o OPP $a 10308805 $d 20090916
100    $a 19901120afrey50      ba0
101    $a fre
102    $a FR
103    $a  18..      19..     
105    $a a
106    $a 1  
120    $a b
152    $a AFNOR Z 44-061 $b NP
200    $a Larive et Fleury
300 0  $a Pseudonyme collectif de Auguste Merlette (Larive), grammairien et directeur d'école primaire supérieure à Provins, et Aimé Hauvion (Fleury), élève à Provins. - Co-auteurs du "Cours Larive et Fleury" à partir des années 1870
801    $a FR $b FR-751131015 $c 20151221
810    $a La Troisième année de grammaire... : à l'usage des écoles commerciales, des cours d'enseignement secondaire spécial... / par Larive et Fleury, 1884 [16e éd.] $a Dictées : correspondant à l'année préparatoire de grammaire ... / Larive et Fleury, 1947 [54e éd.]
810    $a Lorenz 1866-1975 : Larive, pseudonyme : à la fin de l'article on lit "Tous ces ouvrages forment le cours d'enseignement intitulé "l'Ecole" et ont été publiés  avec M. Fleury"
810    $a BN Cat. gén. : Larive ; Fleury, pseudonyme
009 http://catalogue.bnf.fr/ark:/12148/cb121698963
035    $a FRBNF121698965
998    $a 150037
999    $a 12169896

