01108cx  a2200337   4500
001 279364
003 http://catalogue.bnf.fr/ark:/12148/cb13001586r
005 20180726125001.0
010    $a 0000000047796676 $2 VIAF $d 20130730
039    $o OPL $a 011132537
039    $o OPP $a 15460379 $d 20130919
039    $o OPP $a 14973177 $d 20130919
100    $a 19950424afrey50      ba0
101    $a fre
102    $a FR
103    $a  18941227  19750527 
105    $a a
106    $a 1  
120    $a b
152    $a AFNOR Z 44-061 $b NP
200    $a Dufour $b Émilien $f 1894-1975
300 0  $a Peintre de portraits et de paysages. - Illustrateur
301    $a Paris $b Briançon
801    $a FR $b FR-751131015 $c 20130919
810    $a Madame Bovary : moeurs de province. 1 / Gustave Flaubert  ; huit ill. hors texte de Émilien Dufour, 1942
810    $a Bénézit : Dufour (Emilien-Léon-Jean)
815    $a Osterwalder. - DBF. - BN Cat. gén.. - BN Cat. gén. suppl.. - BN Cat. gén. 1960-1969
009 http://catalogue.bnf.fr/ark:/12148/cb13001586r
035    $a FRBNF130015863
998    $a 150410
999    $a 13001586

