00531nx  a22002173  4500
001 279490
003 http://catalogue.bnf.fr/ark:/12148/cb12632521x
005 20180726124947.0
039    $o OPL $a 001239918
100    $a 19780125cfrey50      ba0
101    $a fre
102    $a FR
105    $a a
106    $a 1  
152    $a AFNOR Z 44-061 $b NP
200    $a Poret $b Xavier de
801    $a FR $b FR-751131015 $c 19780125
009 http://catalogue.bnf.fr/ark:/12148/cb12632521x
035    $a FRBNF126325219
998    $a 150930
999    $a 12632521

