00506nx  a22002053  4500
001 279608
003 http://catalogue.bnf.fr/ark:/12148/cb11535411r
005 20180726124948.0
100    $a 19970701cfrey50      ba0
101    $a und
102    $a XX
105    $a a
106    $a 1  
152    $a AFNOR Z 44-061 $c 2 $b NP
200    $a Luxembourg $b Maurice
801    $a FR $b FR-751131015 $c 19970701
009 http://catalogue.bnf.fr/ark:/12148/cb11535411r
035    $a FRBNF115354116
998    $a 151353
999    $a 11535411

