00855cx  a2200301   4500
001 279719
003 http://catalogue.bnf.fr/ark:/12148/cb144835423
005 20180719160842.0
010    $a 0000000066590462 $2 VIAF $d 20130801
100    $a 20030709afrey50      ba0
101    $a fre
102    $a FR
103    $a  18190306  18981104 
105    $a a
106    $a 1  
120    $a b
152    $a AFNOR Z 44-061 $b NP
200    $a Destombes $b Cyrille Jean $f 1819-1898
300 0  $a Abbé. - Historien. - Prénoms complets : Cyrille, Jean-Baptiste
801    $a FR $b FR-751131015 $c 20160408
810    $a Lettres d'un pélerin de Rome / par Cyrille Jean Destombes, 1867
810    $a DBF
810    $a BN Cat. gén.
815    $a ABF
009 http://catalogue.bnf.fr/ark:/12148/cb144835423
035    $a FRBNF14483542X
998    $a 151752
999    $a 14483542X

