02219cx  a2200529   4500
001 279858
003 http://catalogue.bnf.fr/ark:/12148/cb107468078
005 20180726124951.0
010    $a 0000000121147720 $2 ISNI $d 20150313
039    $o OPL $a 012837728
039    $o OPP $a 11348055 $d 20070608
039    $o OPP $a 10745807 $d 20070608
039    $o OPP $a 11350831 $d 20070608
039    $o OPP $a 11350832 $d 20070608
039    $o OPP $a 11351469 $d 20070608
039    $o OPP $a 10322553 $d 20070608
039    $o OPP $a 10971027 $d 20070608
039    $o OPP $a 11475868 $d 20070608
039    $o OPP $a 11810380 $d 20070608
039    $o OPP $a 12535091 $d 20070608
039    $o OPP $a 11156988 $d 20070608
039    $o OPP $a 10222491 $d 20070608
039    $o OPP $a 10832137 $d 20070608
039    $o OPP $a 14311631 $d 20070608
039    $o OPP $a 10782946 $d 20070608
039    $o OPP $a 15477983 $d 20151126
039    $o OPP $a 16485180 $d 20151126
039    $o OPP $a 16399904 $d 20151126
100    $a 19970701afrey50      ba0
101    $a fre
102    $a FR
103    $a  18810713  19511208 
105    $a a
106    $a 1  
120    $a b
152    $a AFNOR Z 44-061 $b NP
200    $a Mortier $b Raoul $f 1881-1951
300 0  $a Professeur à l'École normale professionnelle de Vierzon, Cher. - Auteur de manuels scolaires. - Encyclopédiste, ami et collaborateur dAristide Quillet
301    $a Vouillé (Deux-Sèvres) $b Paris
801    $a FR $b FR-751131015 $c 20151126
810    $a La Sénéchaussée de la Basse-Marche, contribution à l'étude de la géographie de l'ancienne France : thèse pour le doctorat d'Université, soutenue devant la Faculté des lettres de Clermont-Ferrand / par Raoul Mortier, 1912 $a Dictionnaire encyclopédique Quillet / publ. sous la dir. de Raoul Mortier ; avec la collab. et le concours de professeurs, d'instituteurs, de techniciens et des personnalités les plus éminentes du monde entier, 1934
810    $a WBIS - http://db.saur.de/WBIS (2007-06-08)
810    $a BN Cat. gén. : Mortier (Raoul Marie), professeur à l'École normale professionnelle de Vierzon
009 http://catalogue.bnf.fr/ark:/12148/cb107468078
035    $a FRBNF107468077
998    $a 152340
999    $a 10746807

