00505nx  a22002053  4500
001 279974
003 http://catalogue.bnf.fr/ark:/12148/cb11524386x
005 20180726124952.0
100    $a 19970701cfrey50      ba0
101    $a und
102    $a XX
105    $a a
106    $a 1  
152    $a AFNOR Z 44-061 $c 2 $b NP
200    $a Dontenville $b Henri
801    $a FR $b FR-751131015 $c 19970701
009 http://catalogue.bnf.fr/ark:/12148/cb11524386x
035    $a FRBNF115243863
998    $a 152814
999    $a 11524386

