01542cx  a2200361   4500
001 280089
003 http://catalogue.bnf.fr/ark:/12148/cb12219714s
005 20180726124938.0
010    $a 000000010888059X $2 VIAF $d 20130725
039    $o OPL $a 00776482X
039    $o OPP $a 11569610 $d 20110420
039    $o OPP $a 10837569 $d 20110420
100    $a 19910927afrey50      ba0
101    $a fre
102    $a FR
103    $a  19040313  1990     
105    $a a
106    $a 1  
120    $a b
152    $a AFNOR Z 44-061 $b NP
200    $a Stourm $b René $f 1904-1990
300 0  $a Archevêque de Sens-Auxerre (1962-1977). - Évêque d'Amiens (1951-1962). - Membre de la commission pontificale presse et spectacles à Rome. Rapporteur de Vatican II pour la commission de la presse, de la radiotélévision et du cinéma
400    $7 ba0yba0y $8 fre    $a Stourm $b Monseigneur $f 1904-1990
400    $7 ba0yba0y $8 fre    $a Stourm $b René Louis M. $f 1904-1990
400    $7 ba0yba0y $8 fre    $a Stourm $b René-Ludovic-M. $f 1904-1990
801    $a FR $b FR-751131015 $c 20110420
810    $a Presse, radio, cinéma, télévision au Concile... / S.E. Mgr Stourm, 1964
810    $a Annuaire diocésain. Sens-Auxerre 1979 : René Stourm $a Dictionnaire de la radio / Robert Prot, 1997 $a Annuario pontificio 1984 : René Louis M. Stourm
810    $a BN Cat. gén. suppl. : Stourm (Mgr) $a BN Cat. gén. 1960-1969 : Stourm (René-Ludovic-M.)
009 http://catalogue.bnf.fr/ark:/12148/cb12219714s
035    $a FRBNF122197149
998    $a 153216
999    $a 12219714

