00504nx  a22002053  4500
001 280212
003 http://catalogue.bnf.fr/ark:/12148/cb104358048
005 20180726124939.0
100    $a 19970701cfrey50      ba0
101    $a und
102    $a XX
105    $a a
106    $a 1  
152    $a AFNOR Z 44-061 $c 2 $b NP
200    $a Giboulot $b Antoine
801    $a FR $b FR-751131015 $c 19970701
009 http://catalogue.bnf.fr/ark:/12148/cb104358048
035    $a FRBNF104358049
998    $a 153824
999    $a 10435804

