01442cx  a2200457   4500
001 280333
003 http://catalogue.bnf.fr/ark:/12148/cb130107101
005 20180726124940.0
010    $a 0000000121374659 $2 VIAF $d 20130730
039    $o OPL $a 011332299
039    $o OPP $a 13291886 $d 20071211
039    $o OPP $a 13212118 $d 20071211
039    $o OPP $a 11325591 $d 20071211
039    $o OPP $a 10694325 $d 20071211
039    $o OPP $a 13291885 $d 20071211
039    $o OPP $a 11818350 $d 20071211
039    $o OPP $a 11035233 $d 20071211
039    $o OPP $a 10373837 $d 20071211
039    $o OPP $a 13291884 $d 20071211
039    $o OPP $a 13316958 $d 20071211
039    $o OPP $a 11281672 $d 20071211
039    $o OPP $a 15485344 $d 20160303
100    $a 19950510afrey50      ba0
101    $a fre
102    $a FR
103    $a  18000429  18631030 
105    $a a
106    $a 1  
120    $a b
152    $a AFNOR Z 44-061 $b NP
200    $a Sarrut $b Germain $f 1800-1863
300 0  $a Journaliste, homme politique
301    $a Toulouse $b Pontlevoy (Loir-et-Cher)
801    $a FR $b FR-751131015 $c 20160303
810    $a Biographie de Napoléon-Louis Bonaparte / par MM. Germain Sarrut et Saint-Edme (E.-T. Bourg), 1836
810    $a Dictionnaire des parlementaires : Sarrut, Dominique-Germain
810    $a BN Cat. gén.
009 http://catalogue.bnf.fr/ark:/12148/cb130107101
035    $a FRBNF130107105
998    $a 154373
999    $a 13010710

