01373cx  a2200337   4500
001 280455
003 http://catalogue.bnf.fr/ark:/12148/cb126345849
005 20180726124941.0
010    $a 0000000067475909 $2 VIAF $d 20130729
039    $o OPL $a 001275704
039    $o OPP $a 15482996 $d 20110817
100    $a 19760802afrey50      ba0
101    $a fre
102    $a FR
103    $a  1905      1998     
105    $a a
106    $a 1  
120    $a b
152    $a AFNOR Z 44-061 $b NP
200    $a Reschofsky $b Jean $f 1905-1998
300 0  $a Illustrateur de livres pour enfants. - A travaillé pour la Maison Hachette entre 1945 et 1980. - Jean Reschofsky a été élève de l'École nationale des beaux arts de Paris en architecture et diplômé en architecture et sculpture de l'École nationale des arts décoratifs, Paris. - Peintre, sculpteur et graveur
400    $7 ba0yba0y $8 fre    $a Rechofsky $b Jean $f 1905-1998
400    $7 ba0yba0y $8 fre    $a Reschofski $b Jean $f 1905-1998
801    $a FR $b FR-751131015 $c 20110817
810    $a L'aventure sans retour / Jean Feuga ; illustrations de Reschofsky, 1952
810    $a Jean Reschofsky - http://www.ricochet-jeunes.org/illustrateurs/recherche/2222-jean-reschofsky (2011-08-11)
815    $a ABF
009 http://catalogue.bnf.fr/ark:/12148/cb126345849
035    $a FRBNF126345848
998    $a 155297
999    $a 12634584

