00744cx  a2200253   4500
001 280600
003 http://catalogue.bnf.fr/ark:/12148/cb122219347
005 20180719160845.0
010    $a 0000000117253301 $2 ISNI $d 20160215
039    $o OPL $a 007797068
100    $a 19911016afrey50      ba0
101    $a fre
102    $a FR
103    $a  19..               
105    $a a
106    $a 1  
152    $a AFNOR Z 44-061 $b NP
200    $a Henry $b Robert $f 19..-.... $c picard
801    $a FR $b FR-751131015 $c 19930622
810    $a Au pays des brouettes / Robert Henry ; préf. de Fernand Carton ; ill. de Maurice Facon, 1987
009 http://catalogue.bnf.fr/ark:/12148/cb122219347
035    $a FRBNF12221934X
998    $a 157411
999    $a 12221934X

