00526nx  a22002173  4500
001 280722
003 http://catalogue.bnf.fr/ark:/12148/cb12630345w
005 20180726124859.0
039    $o OPL $a 001200744
100    $a 19750711cfrey50      ba0
101    $a fre
102    $a FR
105    $a a
106    $a 1  
152    $a AFNOR Z 44-061 $b NP
200    $a Payne $b Tony
801    $a FR $b FR-751131015 $c 19750711
009 http://catalogue.bnf.fr/ark:/12148/cb12630345w
035    $a FRBNF126303450
998    $a 158407
999    $a 12630345

