00531nx  a22002173  4500
001 280840
003 http://catalogue.bnf.fr/ark:/12148/cb127131287
005 20180726124900.0
039    $o OPL $a 003775505
100    $a 19840420cfrey50      ba0
101    $a xxx
102    $a XX
105    $a a
106    $a 1  
152    $a AFNOR Z 44-061 $c 2 $b NP
200    $a Le Roux $b Elen
801    $a FR $b FR-751131015 $c 19840420
009 http://catalogue.bnf.fr/ark:/12148/cb127131287
035    $a FRBNF127131288
998    $a 159511
999    $a 12713128

