02475cx  a2200469   4500
001 280966
003 http://catalogue.bnf.fr/ark:/12148/cb11914372q
005 20240517024856.0
010    $a 0000000079754657 $2 ISNI $d 20170818
033    $a http://catalogue.bnf.fr/ark:/12148/cb11914372q
035    $a FRBNF119143725
039    $o OPL $a 001077220
039    $o OPP $a 15497947 $d 20121201
039    $o OPP $a 16325465 $d 20150811
039    $o OPP $a 16325466 $d 20150811
039    $o OPP $a 17343081 $d 20191107
039    $o OPP $a 16389981 $d 20191218
100    $a 19810327afrey50      ba0
101    $a fre $t eng
102    $a FR
103    $a  19011211  19781018 
105    $a a
106    $a 1  
120    $a b
200    $7 ba0yba0y $8 fre    $9  0  $a Marc-Cab $f 1901-1978
300 0  $a Homme de théâtre, auteur et adaptateur de comédies, de revues, d'opérettes, de chansons et d'émissons radiophoniques et télévisées. - Pseudonyme de Marcel Cabridens
301    $a Nice (Alpes-Maritimes) $b Bandol (Var)
400    $5 e $7 ba0yba0y $8 fre    $9     $a Cab $b Marc
400    $5 e $7 ba0yba0y $8 fre    $9     $a Cab $f 1901-1978
540    $3 13960891 $a Kosma $b Joseph $f 1905-1969 $t [Les chansons de Bilitis]
540    $3 13991277 $a Ledru $b Jack $f 1922-2013 $t [Vienne chante et danse]
540    $3 13915716 $a Lopez $b Francis $f 1916-1995 $t [La belle de Cadix]
540    $3 14021512 $a Scotto $b Vincent $f 1874-1952 $t [Les amants de Venise]
540    $3 16305181 $a Scotto $b Vincent $f 1874-1952 $t [Pauline]
540    $3 16543820 $a Vanzo $b Alain $f 1928-2002 $t [Le pêcheur d'étoiles]
801    $a FR $b FR-751131015 $c 20230616
810    $a J'ai laissé mon coeur près d'elle, marche de la revue du Casino de Paris "Parade du monde" / Paroles de Henri Varna et Marc-Cab, 1936 $a Je vends du soleil : fox-step / musique de Jack Ledru et René Denoncin ; paroles de Léo Lelièvre, fils et Marc Cab, 1955 $a Vienne chante et danse [Spectacle] : opérette à grand spectacle en 2 actes et 16 tableaux / composition musicale de Johann Strauss père et fils et Ledru ; livret de Varna, Cab et Richard. - Tours : Grand Théâtre, 1977
810    $a WW, France 1977-1978 : Marc-Cab, pseudo. de : Cabridens (Marcel) $a Chansonia, n° 54, octobre 2019 $a Encyclopédie multimedia de la comédie musicale - http://comedie-musicale.jgana.fr/index.htm (2019-12-18)
810    $a BN Cat. gén. 1960-1969
856    $u http://comedie-musicale.jgana.fr/index.htm $e 2019-12-18
999    $a FRBNF119143725 $b 11914372
152    $b NP

