00534nx  a22002173  4500
001 281088
003 http://catalogue.bnf.fr/ark:/12148/cb12592165h
005 20180726124902.0
039    $o OPL $a 000515819
100    $a 19811124cfrey50      ba0
101    $a fre
102    $a FR
105    $a a
106    $a 1  
152    $a AFNOR Z 44-061 $b NP
200    $a Boulay $b Jean-Claude
801    $a FR $b FR-751131015 $c 19811124
009 http://catalogue.bnf.fr/ark:/12148/cb12592165h
035    $a FRBNF125921650
998    $a 161639
999    $a 12592165

