00805cx  a2200277   4500
001 281347
003 http://catalogue.bnf.fr/ark:/12148/cb12599248w
005 20180726124659.0
010    $a 0000000029201114 $2 VIAF $d 20130729
039    $o OPL $a 000645104
039    $o OPP $a 13215792 $d 20170927
100    $a 19801025afrey50      ba0
101    $a fre
102    $a FR
103    $a  19461108           
105    $a a
106    $a 1  
120    $a b
152    $a AFNOR Z 44-061 $b NP
200    $a Cukrowicz $b Hubert $f 1946-....
801    $a FR $b FR-751131015 $c 20020801
810    $a Le Passé quotidien : comment est vécu le passé à Oignies / sous la dir. de Hubert Cukrowicz, 2000
009 http://catalogue.bnf.fr/ark:/12148/cb12599248w
035    $a FRBNF125992487
998    $a 163876
999    $a 12599248

