00914cx  a2200265   4500
001 281470
003 http://catalogue.bnf.fr/ark:/12148/cb120507352
005 20240514043051.0
010    $a 0000000073591463 $2 VIAF $d 20130724
033    $a http://catalogue.bnf.fr/ark:/12148/cb120507352
035    $a FRBNF120507357
039    $o OPL $a 003536430
100    $a 19840420afrey50      ba0
101    $a fre
102    $a FR
103    $a  19510211           
105    $a a
106    $a 1  
120    $a b
200    $7 ba0yba0y $8 fre    $9  0  $a Marzac $b Jacques $f 1951-....
300 0  $a Instituteur maître-formateur à Poitiers (en 1995)
801    $a FR $b FR-751131015 $c 20110601
810    $a Irma Jouenne : disparue à Ravensbrück / [Jacques Marzac, Denise Rey Jouenne], 1995 $a Albert Turpain : un homme de science au service de l'homme du peuple / Jacques Marzac, DL 2011
999    $a FRBNF120507357 $b 12050735
152    $b NP

