00855nx  a2200253   4500
001 281592
003 http://catalogue.bnf.fr/ark:/12148/cb125258004
005 20180726124850.0
010    $a 000000003211787X $2 VIAF $d 20130729
039    $o OPL $a 012706084
100    $a 19960819afrey50      ba0
101    $a fre
102    $a FR
105    $a a
106    $a 1  
152    $a AFNOR Z 44-061 $b NP
200    $a Six $b Edwige
300 0  $a Se consacre aux tapisseries anciennes et à leur restauration. - Fondatrice de l'Association pour la sauvegarde et la promotion de l'art de haute et de basse lisse en Europe
801    $a FR $b FR-751131015 $c 19960819
810    $a Les routes de la tapisserie en Val de Loire / photos, Thierry Malty, 1996
009 http://catalogue.bnf.fr/ark:/12148/cb125258004
035    $a FRBNF125258002
998    $a 165160
999    $a 12525800

