00529nx  a22002173  4500
001 281702
003 http://catalogue.bnf.fr/ark:/12148/cb12592671t
005 20180726124646.0
039    $o OPL $a 000525051
100    $a 19750129cfrey50      ba0
101    $a fre
102    $a FR
105    $a a
106    $a 1  
152    $a AFNOR Z 44-061 $b NP
200    $a Bowen $b Charles
801    $a FR $b FR-751131015 $c 19750129
009 http://catalogue.bnf.fr/ark:/12148/cb12592671t
035    $a FRBNF125926715
998    $a 165672
999    $a 12592671

