00530nx  a22002173  4500
001 281808
003 http://catalogue.bnf.fr/ark:/12148/cb128782509
005 20180726124647.0
039    $o OPL $a 007151791
100    $a 19910627cfrey50      ba0
101    $a und
102    $a XX
105    $a a
106    $a 1  
152    $a AFNOR Z 44-061 $c 2 $b NP
200    $a Gama $b Adrien
801    $a FR $b FR-751131015 $c 19910627
009 http://catalogue.bnf.fr/ark:/12148/cb128782509
035    $a FRBNF128782501
998    $a 166110
999    $a 12878250

