00535nx  a22002053  4500
001 281914
003 http://catalogue.bnf.fr/ark:/12148/cb12644880z
005 20240508022153.0
033    $a http://catalogue.bnf.fr/ark:/12148/cb12644880z
035    $a FRBNF126448809
039    $o OPL $a 001457703
100    $a 19780825cfrey50      ba0
101    $a fre
102    $a FR
105    $a a
106    $a 1  
200    $7 ba0yba0y $8 fre    $9  0  $a Victoroff $b David
801    $a FR $b FR-751131015 $c 19780825
999    $a FRBNF126448809 $b 12644880
152    $b NP

