00502nx  a22002053  4500
001 282022
003 http://catalogue.bnf.fr/ark:/12148/cb14863609t
005 20180726124650.0
100    $a 20060220cfrey50      ba0
101    $a und
102    $a XX
105    $a a
106    $a 1  
152    $a AFNOR Z 44-061 $c 2 $b NP
200    $a Philpott $b A. R.
801    $a FR $b FR-751131015 $c 20060220
009 http://catalogue.bnf.fr/ark:/12148/cb14863609t
035    $a FRBNF148636094
998    $a 166829
999    $a 14863609

