01389cx  a2200457   4500
001 282136
003 http://catalogue.bnf.fr/ark:/12148/cb11904825c
005 20180726124651.0
010    $a 0000000121244125 $2 VIAF $d 20130724
039    $o OPL $a 001840349 $z AMA
039    $o OPL $a 000817828 $z APP
039    $o OPP $a 11009455 $d 20120130
039    $o OPP $a 10310437 $d 20120130
039    $o OPP $a 10953092 $d 20120130
039    $o OPP $a 11471413 $d 20120130
039    $o OPP $a 11766144 $d 20120130
039    $o OPP $a 14327550 $d 20120130
039    $o OPP $a 15464879 $d 20120130
039    $o OPP $a 11761231 $d 20120130
039    $o OPP $a 14327549 $d 20120130
100    $a 19811009afrey50      ba0
101    $a eng
102    $a GB
103    $a  17370508  17940116 
105    $a a
106    $a 010
120    $a b
152    $a AFNOR Z 44-061 $c 2 $b NP
200    $a Gibbon $b Edward $f 1737-1794
300    $a Historien
301    $a Lutney, GB $b Londres
400    $7 ba0yba0y $8 fre    $a Gibbon $b Édouard $f 1737-1794
686    $a 900 $c Histoire $2 Note de regroupement par domaine
801    $a FR $b FR-751131015 $c 20120130
810    $a The history of the decline and fall of the Roman empire / by Edward Gibbon, 1838
810    $a DNB $a GDEL
810    $a BN Cat. gén.
009 http://catalogue.bnf.fr/ark:/12148/cb11904825c
035    $a FRBNF119048259
998    $a 167197
999    $a 11904825

