01110cx  a2200313   4500
001 282265
003 http://catalogue.bnf.fr/ark:/12148/cb130212761
005 20180726124514.0
010    $a 0000000010687521 $2 VIAF $d 20130730
039    $o OPL $a 011603576
100    $a 19950731afrey50      ba0
101    $a frm
102    $a FR
103    $a  1500      1570     
105    $a a
106    $a 1  
152    $a AFNOR Z 44-061 $b NP
200    $a Allègre $b Antoine $f 1500-1570
300 0  $a A traduit de l'espagnol en français moyen
300 0  $a Chanoine de la cathédrale de Clermont-Ferrand
400    $7 ba0yba0y $8 fre    $a Alaigre $b Antoine
801    $a FR $b FR-751131015 $c 19970930
810    $a Le mespris de la cour avec la vie rustique / [par Antonio de Guevara] ; nouvellement traduict d'espaignol en françoys [par Antoine Alaigre], 1568
810    $a DBF : Allègre ou Alaigre (Antoine) $a Dictionnaire universel des traducteurs / Henri Van Hoof, 1993
810    $a BN Cat. gén.
009 http://catalogue.bnf.fr/ark:/12148/cb130212761
035    $a FRBNF130212768
998    $a 167793
999    $a 13021276

