02229cx  a2200433   4500
001 282400
003 http://catalogue.bnf.fr/ark:/12148/cb124599940
005 20180726124515.0
010    $a 0000000120954440 $2 ISNI $d 20170818
039    $o OPL $a 008092844 $z AMA
039    $o OPL $a 011252789 $z APP
039    $o OPP $a 15462650 $d 20110829
100    $a 19950424afrey50      ba0
101    $a fre $t lat
102    $a FR
103    $a  16401206  17230714 
105    $a a
106    $a 010
120    $a b
152    $a AFNOR Z 44-061 $b NP
200    $a Fleury $b Claude $f 1640-1723
300    $a A aussi écrit en grec et en latin
300    $a Prêtre. - Précepteur. - Membre de l'Institut, Académie française (élu en 1696)
301    $a Paris $b Paris
400    $7 ba0yba0y $8 fre    $a Fleuri $b Claudio $f 1640-1723
400    $7 ba0yba0y $8 fre    $a Fleurius $b Claudius $f 1640-1723
400    $7 ba0yba0y $8 fre    $a Fleury $b Claudio $f 1640-1723
400    $5 e $7 ba0yba0y $8 fre    $a C. F. $f 1640-1723
400    $5 e $7 ba0yba0y $8 fre    $a Bonel $b Charles $f 1640-1723
400    $7 ba0yba0y $8 fre    $a Fleury $b Abbé $f 1640-1723
400    $7 ba0yba0y $8 fre    $a Fleury $b C.-M. $f 1640-1723
801    $a FR $b FR-751131015 $c 20130525
810    $a Catéchisme historique, contenant en abrégé l'histoire sainte et la doctrine chrétienne / par M. Claude Fleury, 1683 $a Bibliotheca claromontana patrum Societatis Jesu carmine descripta / a C. F. [Claudio Fleury], 1661 $a Institution du droit ecclésiastique de France / composé par feu Me Charles Bonel [Cl. Fleury] et revu avec soin par M. de Massac, 1677 $a Catéchisme historique / par C.-M. Fleury ; nouvelle édition augmentée des répons de la messe, etc. [des prières du matin et du soir, d'une prière pour le roi et de l'amende honorable au T. S. Sacrement], [s. d.]
810    $a DBF $a Institut de France, Paris. Académie française. Les immortels : Claude Fleury - http://www.academie-francaise.fr/les-immortels/claude-fleury?fauteuil=36&election=02-07-1696 (2013-05-25) $a Larousse 19e s. : Fleury (l'abbé Claude)
810    $a BN Cat. gén. : Fleury (Abbé Claude)
009 http://catalogue.bnf.fr/ark:/12148/cb124599940
035    $a FRBNF124599940
998    $a 168511
999    $a 12459994

