00506nx  a22002053  4500
001 282530
003 http://catalogue.bnf.fr/ark:/12148/cb148656544
005 20180726124623.0
100    $a 20060220cfrey50      ba0
101    $a und
102    $a XX
105    $a a
106    $a 1  
152    $a AFNOR Z 44-061 $c 2 $b NP
200    $a Steinmann $b Peter K.
801    $a FR $b FR-751131015 $c 20060220
009 http://catalogue.bnf.fr/ark:/12148/cb148656544
035    $a FRBNF148656549
998    $a 169268
999    $a 14865654

