00568nx  a22002293  4500
001 282844
003 http://catalogue.bnf.fr/ark:/12148/cb12642027t
005 20180726124624.0
039    $o OPL $a 001408841
100    $a 19770418cfrey50      ba0
101    $a fre
102    $a FR
103    $a            .... 0-0 
105    $a a
106    $a 1  
152    $a AFNOR Z 44-061 $b NP
200    $a Thirioux $b André
801    $a FR $b FR-751131015 $c 19770418
009 http://catalogue.bnf.fr/ark:/12148/cb12642027t
035    $a FRBNF126420279
998    $a 172885
999    $a 12642027

