00717nx  a2200241   4500
001 282964
003 http://catalogue.bnf.fr/ark:/12148/cb135429456
005 20180726124503.0
010    $a 0000000381805216 $2 VIAF $d 20130731
039    $o OPL $a 014802722
100    $a 20214   afrey50      ba0
102    $a FR $b RE
103    $a         1  508      
105    $a a
152    $a AFNOR Z 44-061 $b NP
200    $a Louf $b Bertrand $f ....-1995
300    $a Pêcheur
801    $a FR $b FR-751131015 $c 20214   
810    $a Les flobarts de la Côte d'Opale / textes de Bertrand Louf et François Guennoc, 1998
009 http://catalogue.bnf.fr/ark:/12148/cb135429456
035    $a FRBNF135429455
998    $a 173379
999    $a 13542945

