00517nx  a22002053  4500
001 283088
003 http://catalogue.bnf.fr/ark:/12148/cb10663268b
005 20180726124504.0
100    $a 19970701cfrey50      ba0
101    $a und
102    $a XX
105    $a a
106    $a 1  
152    $a AFNOR Z 44-061 $c 2 $b NP
200    $a Roüen $b L de $c baron d Alvimare
801    $a FR $b FR-751131015 $c 19970701
009 http://catalogue.bnf.fr/ark:/12148/cb10663268b
035    $a FRBNF106632680
998    $a 174061
999    $a 10663268

