01484cx  a2200337   4500
001 283207
003 http://catalogue.bnf.fr/ark:/12148/cb14425185h
005 20180726124505.0
010    $a 0000000080992361 $2 VIAF $d 20130801
100    $a 20020924afrey50      ba0
101    $a eng
102    $a GB
103    $a  18450207  19030105 
105    $a a
106    $a 1  
120    $a b
152    $a AFNOR Z 44-061 $c 2 $b NP
200    $a Fagan $b Louis $f 1845-1903
300 0  $a A aussi écrit en français et en italien
300 0  $a Diplomate. - Bibliographe et historien du livre, ami d'Anthony Panizzi (1797-1879). - Assistant, Department of prints and drawings, British museum, Londres (1869-1892). - Peintre amateur, dessinateur et illustrateur de livres
301    $a Naples (Italie) $b Florence (Italie)
400    $7 ba0yba0y $8 fre    $a Fagan $b Louis Alexander $f 1845-1903
400    $7 ba0yba0y $8 freita $a Fagan $b Luigi $f 1845-1903
801    $a FR $b FR-751131015 $c 20100212
810    $a Lettres à M. Panizzi 1850-1870 / Prosper Mérimée ; publ. par M. Louis Fagan, 1881
810    $a British library - http://www.bl.uk (2010-02-11) $a Oxford dictionary of national biography - http://www.oxforddnb.com (2010-02-11) $a Allgemeines Künstlerlexikon. Internationale Künstlerdatenbank - http://refworks.reference-global.com (2010-02-11)
810    $a BN Cat. gén.
009 http://catalogue.bnf.fr/ark:/12148/cb14425185h
035    $a FRBNF144251852
998    $a 174725
999    $a 14425185

