00956cx  a2200289   4500
001 283314
003 http://catalogue.bnf.fr/ark:/12148/cb14843066k
005 20180726124506.0
010    $a 0000000120969052 $2 VIAF $d 20130802
039    $o OPP $a 14132844 $d 20061128
039    $o OPP $a 13809919 $d 20061128
100    $a 20040715afrey50      ba0
102    $a US
103    $a  19010501  19850211 
105    $a a
106    $a 1  
120    $a b
152    $a AFNOR Z 44-061 $c 2 $b NP
200    $a Roemheld $b Heinz $f 1901-1985
300 0  $a Compositeur
801    $a FR $b FR-751131015 $c 20080606
810    $a Les fantastiques années 20 [Images animées] / Raoul Walsh, réal. ; [...] Heinz Roemheld, comp., [2006]
810    $a LC authorities - http://authorities.loc.gov (2004-07-15) $a IMDB - http://www.imdb.com/name/nm0006257 (2008-06-06)
009 http://catalogue.bnf.fr/ark:/12148/cb14843066k
035    $a FRBNF148430660
998    $a 175369
999    $a 14843066

