00932cx  a2200289   4500
001 283436
003 http://catalogue.bnf.fr/ark:/12148/cb13088917c
005 20240513022525.0
010    $a 0000000385527751 $2 ISNI $d 20170726
033    $a http://catalogue.bnf.fr/ark:/12148/cb13088917c
035    $a FRBNF130889179
039    $o OPL $a 013236709
100    $a 19970512afrey50      ba0
101    $a fre
102    $a FR
103    $a  19..               
105    $a a
106    $a 1  
120    $a a
200    $7 ba0yba0y $8 fre    $9  0  $a Dussart $b Odile
300 0  $a Archéologue. - Docteur en histoire (Lille 3, 1992)
400    $7 ba0yba0a $8 freara $9     $a Dūsār $b Ūdīl
400    $7 ba0yfa0y $8 freara $9     $a دوسار $b أوديل
801    $a FR $b FR-751131015 $c 20170809
810    $a Qalʿat Semʿan. Volume IV, Rapport final. Fascicule 4, Le verre / par Odile Dussart, DL 2017
999    $a FRBNF130889179 $b 13088917
152    $b NP

