01025cx  a2200289   4500
001 283695
003 http://catalogue.bnf.fr/ark:/12148/cb12134665f
005 20240514052411.0
010    $a 0000000117999867 $2 VIAF $d 20130725
010    $y 0000000119641930 $2 saisie $d 20131018
033    $a http://catalogue.bnf.fr/ark:/12148/cb12134665f
035    $a FRBNF121346654
039    $o OPL $a 004872327
039    $o OPP $a 16542347 $d 20131018
100    $a 19900105afrey50      ba0
101    $a fre
102    $a FR
103    $a  18..      19..     
105    $a a
106    $a 1  
200    $7 ba0yba0y $8 fre    $9  0  $a Richard $b François $f 18..-19.. $c agrégé de grammaire
300 0  $a Agrégé de grammaire en 1893. - Helléniste et latiniste. - Proviseur
801    $a FR $b FR-751131015 $c 20131018
810    $a Émile ou De l'éducation / Jean-Jacques Rousseau ; [établissement du texte, notes et index par François et Pierre Richard,...], 1992
810    $a BN Cat. gén. $a Lorenz
999    $a FRBNF121346654 $b 12134665
152    $b NP

