00744cx  a2200265   4500
001 283846
003 http://catalogue.bnf.fr/ark:/12148/cb12489007c
005 20180726124455.0
010    $a 0000000116214001 $2 VIAF $d 20130729
039    $o OPL $a 011785755
100    $a 19951027afrey50      ba0
101    $a fre
102    $a FR
105    $a a
106    $a 1  
152    $a AFNOR Z 44-061 $b NP
200    $a Deleplanque $b Jacques
801    $a FR $b FR-751131015 $c 19951109
810    $a Le livre à gravures au XVIIIe siècle / Maurice Boissais et Jacques Deleplanque, 1948
810    $a BN Cat. gén. suppl.
815    $a DBF
009 http://catalogue.bnf.fr/ark:/12148/cb12489007c
035    $a FRBNF124890077
998    $a 179833
999    $a 12489007

