00666cx  a2200241   4500
001 284155
003 http://catalogue.bnf.fr/ark:/12148/cb11921112s
005 20180726124445.0
010    $a 0000000066412834 $2 VIAF $d 20130724
039    $o OPL $a 001261850
100    $a 19770906afrey50      ba0
101    $a ger
102    $a DE
105    $a a
106    $a 1  
152    $a AFNOR Z 44-061 $b NP
200    $a Ramseger $b Georg
801    $a FR $b FR-751131015 $c 19900214
810    $a Woody, Freud et les autres / T. Pericoli ; préf. de G. ramseger, 1989
009 http://catalogue.bnf.fr/ark:/12148/cb11921112s
035    $a FRBNF119211126
998    $a 181353
999    $a 11921112

