00693nx  a2200265   4500
001 284323
003 http://catalogue.bnf.fr/ark:/12148/cb150084524
005 20180726124446.0
100    $a 20050929afrey50      ba0
101    $a fre
102    $a FR
103    $a  1813      1889     
105    $a g $a a
106    $a 1  
120    $a b
152    $a AFNOR Z 44-061 $b NP
200    $a Elmerich $b Charles Edouard $f 1813-1889
300 0  $a Peintre. - Graveur. - Dessinateur
301    $a Besançon $b Paris
801    $a FR $b FR-751131015 $c 20050929
810    $a Bénézit, 1999
009 http://catalogue.bnf.fr/ark:/12148/cb150084524
035    $a FRBNF150084525
998    $a 182371
999    $a 15008452

