01319cx  a2200301   4500
001 284452
003 http://catalogue.bnf.fr/ark:/12148/cb119224643
005 20240515073240.0
010    $a 0000000122773336 $2 VIAF $d 20131024
033    $a http://catalogue.bnf.fr/ark:/12148/cb119224643
035    $a FRBNF119224643
039    $o OPL $a 001297921
100    $a 19770318afrey50      ba0
101    $a fre
102    $a FR
103    $a  19421204  20161216 
105    $a a $a p
106    $a 1  
120    $a a
200    $7 ba0yba0y $8 fre    $9  0  $a Rollet $b Catherine $f 1942-2016
300 0  $a Historienne, diplômée de l'Institut de démographie de l'Université de Paris. - Maître de conférences, enseigne la démographie et l'histoire de la famille à l'Université Descartes-Paris V (en 1990)
400    $5 j $7 ba0yba0y $8 fre    $9     $a Rollet-Echalier $b Catherine $f 1942-2016
400    $7 ba0yba0y $8 fre    $9     $a Echalier $b Catherine Rollet- $f 1942-2016
801    $a FR $b FR-751131015 $c 20190319
810    $a La Politique à l'égard de la petite enfance sous la IIIe République / C. Rollet-Echalier, 1988 [thèse], 1990 $a Aujourd'hui en Allemagne : Maxxi à Berlin / raconté par Catherine Rollet et Patrick Kennedy, DL 2014
810    $a Monde, 2016-12-20 (avis de décès)
999    $a FRBNF119224643 $b 11922464
152    $b NP

