00939nx  a2200253   4500
001 284615
003 http://catalogue.bnf.fr/ark:/12148/cb122447893
005 20180726124449.0
010    $a 0000000007821494 $2 ISNI $d 20150312
039    $o OPL $a 008115435
100    $a 19920416afrey50      ba0
101    $a fre
102    $a FR
105    $a a
106    $a 1  
152    $a AFNOR Z 44-061 $b NP
200    $a Rougier $b Michèle
300 0  $a Chercheur ITA à la Conservation régionale d'Inventaire Nord-Pas-de-Calais (en 1988)
801    $a FR $b FR-751131015 $c 19920416
810    $a Boulogne-sur-Mer, le château et la haute-ville, Pas-de-Calais / Inventaire général des monuments et des richesses artistiques de la France, Région Nord Pas-de-Calais ; [réd. par Claudie Boissé, Pierre Boissé, Michèle Rougier], 1988
009 http://catalogue.bnf.fr/ark:/12148/cb122447893
035    $a FRBNF122447898
998    $a 184157
999    $a 12244789

