00759cx  a2200253   4500
001 284891
003 http://catalogue.bnf.fr/ark:/12148/cb12468728m
005 20180726124340.0
010    $a 0000000116102501 $2 VIAF $d 20130729
039    $o OPL $a 011531002
100    $a 19950612afrey50      ba0
101    $a fre
102    $a FR
105    $a a
106    $a 1  
152    $a AFNOR Z 44-061 $b NP
200    $a Bassy $b Alain-Marie
300 0  $a Critique littéraire. - Spécialiste de Jean de La Fontaine
801    $a FR $b FR-751131015 $c 19950622
810    $a Contes et nouvelles en vers / Jean de La Fontaine ; préf. d'Alain-Marie Bassy, 1995
009 http://catalogue.bnf.fr/ark:/12148/cb12468728m
035    $a FRBNF124687283
998    $a 185391
999    $a 12468728

