01134cx  a2200361   4500
001 285039
003 http://catalogue.bnf.fr/ark:/12148/cb11892679z
005 20180720163805.0
010    $a 0000000110384173 $2 VIAF $d 20130724
039    $o OPL $a 000500176
039    $o OPP $a 14965400 $d 20081229
039    $o OPP $a 15450872 $d 20180215
039    $o OPP $a 14876163 $d 20180215
039    $o OPP $a 14341285 $d 20180215
039    $o OPP $a 14297723 $d 20180215
100    $a 19781108afrey50      ba0
101    $a fre
102    $a FR
103    $a  18620706  19271009 
105    $a a
106    $a 1  
120    $a b
152    $a AFNOR Z 44-061 $b NP
200    $a Bombled $b Louis $f 1862-1927
300 0  $a Peintre, dessinateur, graveur. - Auteur de sujets militaires
400    $7 ba0yba0y $8 fre    $a Bombled $b Louis-Charles $f 1862-1927
801    $a FR $b FR-751131015 $c 20180215
810    $a La Guerre à Madagascar / par H Galli ; gravures... par H. Galli, 1897
810    $a Bénézit, 1976 : Bombled, Louis-Charles
009 http://catalogue.bnf.fr/ark:/12148/cb11892679z
035    $a FRBNF11892679X
998    $a 150138
999    $a 11892679X

