00532nx  a22002173  4500
001 285449
003 http://catalogue.bnf.fr/ark:/12148/cb12629603r
005 20180726124327.0
039    $o OPL $a 001187994
100    $a 19750910cfrey50      ba0
101    $a fre
102    $a FR
105    $a a
106    $a 1  
152    $a AFNOR Z 44-061 $b NP
200    $a Pajot $b Anne-Marie
801    $a FR $b FR-751131015 $c 19750910
009 http://catalogue.bnf.fr/ark:/12148/cb12629603r
035    $a FRBNF126296034
998    $a 165646
999    $a 12629603

