00804cx  a2200241   4500
001 285585
003 http://catalogue.bnf.fr/ark:/12148/cb13971015v
005 20240511070752.0
010    $a 0000000121196039 $2 VIAF $d 20130731
033    $a http://catalogue.bnf.fr/ark:/12148/cb13971015v
035    $a FRBNF139710154
100    $a 19950103afrey50      ba0
102    $a FR
103    $a  195810             
105    $a i $a a $a c
106    $a 010
120    $a b
200    $7 ba0yba0y $8 fre    $9  0  $a Mille $b Daniel $f 1958-....
300    $a Accordéoniste de jazz
801    $a FR $b FR-751131015 $c 20160217
810    $a Place Sainte Catherine [Enregistrement sonore] / Daniel Mille, acrdn, chant ; Vincent Charbonnier, cb ; Thierry Arpino, batt.. [et al.]. RFI 09094
999    $a FRBNF139710154 $b 13971015
152    $b NP

