01436cx  a2200373   4500
001 285856
003 http://catalogue.bnf.fr/ark:/12148/cb12101234q
005 20240519032409.0
010    $a 0000000109884170 $2 ISNI $d 20160215
033    $a http://catalogue.bnf.fr/ark:/12148/cb12101234q
035    $a FRBNF121012341
039    $o OPL $a 009480903 $z AMA
039    $o OPL $a 004396248 $z APP
039    $o OPL $a 007657671
039    $o OPP $a 11542586 $d 20080407
039    $o OPP $a 12916406 $d 20150512
100    $a 19890118afrey50      ba0
101    $a fre
102    $a BE
103    $a  19060804  20010127 
105    $a a
106    $a 010
120    $a a
152    $c 2 $b NP
200    $7 ba0yba0y $8 fre    $9  0  $a Marie José $f 1906-2001 $c reine d'Italie
300    $a Princesse de Belgique, épouse Humbert, prince de Piémont (en 1930), reine d'Italie (en 1946)
301    $a Ostende, Belgique $b Genève, Suisse
400    $7 ba0yba0y $8 fre    $9     $a Marie José de Savoie $f 1906-2001
400    $7 ba0yba0y $8 fre    $9     $a Maria José di Savoia $f 1906-2001
400    $7 ba0yba0y $8 fre    $9     $a Marie José $f 1906-2001
801    $a FR $b FR-751131015 $c 20150512
810    $a Albert et Élisabeth de Belgique, mes parents / Marie José, 1985
810    $a L'ultimo re, l'ultima regina / Silvio Bertoldi, 1992 $a Le nouveau dict. des Belges / sous la dir. de Thierry Denoël, 1992 $a La repubblica, 27 janvier 2001
999    $a FRBNF121012341 $b 12101234

