00654cx  a2200253   4500
001 285988
003 http://catalogue.bnf.fr/ark:/12148/cb14828253k
005 20180726124312.0
010    $a 0000000374149687 $2 ISNI $d 20160216
100    $a 20021029afrey50      ba0
102    $a XX
103    $a  18..      19380330 
105    $a a
106    $a 1  
120    $a b
152    $a AFNOR Z 44-061 $c 2 $b NP
200    $a Penso $b Raffaello $f 18..-1938
300 0  $a Compositeur
801    $a FR $b FR-751131015 $c 20061023
810    $a Sacem, 1971
009 http://catalogue.bnf.fr/ark:/12148/cb14828253k
035    $a FRBNF148282539
998    $a 178063
999    $a 14828253

