01101cx  a2200301   4500
001 286138
003 http://catalogue.bnf.fr/ark:/12148/cb11901946w
005 20240514060745.0
010    $a 0000000108700501 $2 ISNI $d 20131217
033    $a http://catalogue.bnf.fr/ark:/12148/cb11901946w
035    $a FRBNF119019460
039    $o OPL $a 000742674
100    $a 19751028afrey50      ba0
101    $a fre
102    $a FR
103    $a  19330406           
105    $a a $a p
106    $a 1  
120    $a b
200    $7 ba0yba0y $8 fre    $9  0  $a Estève $b Michel $f 1933-....
300 0  $a Critique cinématographique et littéraire. - Directeur des "Études bernanosiennes" et "Études cinématographiques". - Secrétaire général du Centre d'étude des revenus et des coûts (en 1985)
686    $a 791 $c Audiovisuel $2 Note de regroupement par domaine
801    $a FR $b FR-751131015 $c 20040216
810    $a Akira Kurosawa / présenté par Michel Estève, 1990
810    $a WW, France 1988-1989
810    $a BN Cat. gén. suppl. $a BN Cat. gén. 1960-1969
999    $a FRBNF119019460 $b 11901946
152    $b NP

