00952cx  a2200325   4500
001 286271
003 http://catalogue.bnf.fr/ark:/12148/cb12194616g
005 20180726124314.0
010    $a 000000006645425X $2 ISNI $d 20170818
039    $o OPL $a 006747201
039    $o OPP $a 10728348 $d 20100812
039    $o OPP $a 15486626 $d 20120605
100    $a 19910329afrey50      ba0
101    $a fre
102    $a FR
103    $a  1844      19070315 
105    $a a
106    $a 010
120    $a b
152    $a AFNOR Z 44-061 $b NP
200    $a Somm $b Henry $f 1844-1907
300    $a Dessinateur et caricaturiste
301    $a Rouen $b Paris
400    $7 ba0yba0y $8 fre    $a Sommier $b François Clément $f 1844-1907
801    $a FR $b FR-751131015 $c 20120605
810    $a Chansons folles / [Gustave Nadaud] ; [front. de Henry Somm], [1887]
009 http://catalogue.bnf.fr/ark:/12148/cb12194616g
035    $a FRBNF121946161
998    $a 183676
999    $a 12194616

