02025cx  a2200385   4500
001 286435
003 http://catalogue.bnf.fr/ark:/12148/cb118927108
005 20240515060700.0
010    $a 0000000121317865 $2 ISNI $d 20150313
033    $a http://catalogue.bnf.fr/ark:/12148/cb118927108
035    $a FRBNF118927101
039    $o OPL $a 001834563 $z AMA
039    $o OPL $a 000500849 $z APP
039    $o OPP $a 14855557 $d 20080827
039    $o OPP $a 15130170 $d 20080827
039    $o OPP $a 15450905 $d 20120202
100    $a 19750515afrey50      ba0
101    $a fre $t eng $t ger
102    $a FR
103    $a  18820702  19620921 
105    $a a
106    $a 010
120    $a a
200    $7 ba0yba0y $8 fre    $9  0  $a Bonaparte $b Marie $f 1882-1962
300    $a Psychanalyste. - Traductrice, notamment des oeuvres de Sigmund Freud (1856-1939). - Fille du prince Roland Bonaparte (1858-1924). - A épousé, en 1907, le prince Georges de Grèce (1869-1957)
301    $a Saint-Cloud (Hauts-de-Seine) $b Gassin (Var)
400    $5 j $7 ba0yba0y $8 fre    $9     $a Grèce $b Marie de $f 1882-1962
500    $5 z $3 11956875 $7 ba0yba0y $8 fre    $9  0  $a Bonaparte $c famille
686    $a 150 $c Psychologie, psychanalyse $2 Note de regroupement par domaine
801    $a FR $b FR-751131015 $c 20120202
810    $a Introduction à la théorie des instincts : de la prophylaxie infantile des névroses / par Marie Bonaparte, 1951 $a Le mot d'esprit et ses rapports avec l'inconscient / Sigmund Freud ; trad. de l'allemand par Marie Bonaparte et le docteur M. Nathan, 1930 $a Dossier du don de la carte de Tasman de l'Australie à l'état australien par la princesse Marie de Grèce, 1932-1933
810    $a Commémorations nationales : 2012 / Archives de France, 2011 $a GLU $a Qui était qui, XXe siècle / Béatrice et Michel Wattel, 2005 $a Biographies des principales personnalités françaises décédées au cours de l'année 1962 / Henri Temerson, 1964
810    $a BN Cat. gén. suppl. $a BN Cat. gén. 1960-1969
999    $a FRBNF118927101 $b 11892710
152    $b NP

