00759cx  a2200277   4500
001 286579
003 http://catalogue.bnf.fr/ark:/12148/cb12600009k
005 20180726124301.0
010    $a 0000000023422223 $2 VIAF $d 20130729
039    $o OPL $a 000658742
100    $a 20180724 frey50      
101    $a fre
102    $a FR
103    $a  19..               
105    $a a
106    $a 1  
120    $a b
152    $a AFNOR Z 44-061 $b NP
200    $a David $b Francis
300 0  $a Photographe
801    $a FR $b FR-751131015 $c 20030221
810    $a Le réveil des géants / Francis David ; texte de Claudine Le Tourneur d'Ison,  2002
009 http://catalogue.bnf.fr/ark:/12148/cb12600009k
035    $a FRBNF126000097
998    $a 169541
999    $a 12600009

