00982cx  a2200349   4500
001 286707
003 http://catalogue.bnf.fr/ark:/12148/cb14516803g
005 20180726124303.0
010    $a 0000000081282281 $2 VIAF $d 20130801
039    $o OPP $a 14333771 $d 20160919
039    $o OPP $a 10322512 $d 20160919
039    $o OPP $a 10970985 $d 20160919
039    $o OPP $a 14311600 $d 20160919
100    $a 20180724 frey50      
101    $a fre
102    $a FR
103    $a  18150712  18670616 
105    $a a
106    $a 010
120    $a b
152    $a AFNOR Z 44-061 $b NP
200    $a Mornand $b Félix $f 1815-1867
300    $a Administrateur. - Ecrivain
301    $a Macon (Saône-et-Loire) $b Paris (France)
801    $a FR $b FR-751131015 $c 20160919
810    $a Garibaldi / Félix Mornand, 1866
810    $a Vapereau $a Hoefer
810    $a BN Cat. gén.
009 http://catalogue.bnf.fr/ark:/12148/cb14516803g
035    $a FRBNF145168039
998    $a 172299
999    $a 14516803

