00530nx  a22002173  4500
001 286828
003 http://catalogue.bnf.fr/ark:/12148/cb128143286
005 20180726124304.0
039    $o OPL $a 00625117X
100    $a 20180724 frey50      
101    $a und
102    $a XX
105    $a a
106    $a 1  
152    $a AFNOR Z 44-061 $c 2 $b NP
200    $a Yerna $b Brigitte
801    $a FR $b FR-751131015 $c 19910207
009 http://catalogue.bnf.fr/ark:/12148/cb128143286
035    $a FRBNF128143286
998    $a 176707
999    $a 12814328

