01259cx  a2200373   4500
001 286956
003 http://catalogue.bnf.fr/ark:/12148/cb12193411z
005 20180724112922.0
010    $a 0000000108568774 $2 VIAF $d 20130725
039    $o OPL $a 00669251X
039    $o OPP $a 10421920 $d 20130930
039    $o OPP $a 11090266 $d 20130930
039    $o OPP $a 11642894 $d 20130930
039    $o OPP $a 15489625 $d 20130930
100    $a 20180724 frey50      
101    $a fre
102    $a FR
103    $a  18690607  19400206 
105    $a a
106    $a 010
120    $a b
152    $a AFNOR Z 44-061 $b NP
200    $a Vial $b Francisque $f 1869-1940
300    $a Inspecteur général de l'instruction publique. - Professeur au lycée Lakanal, Sceaux
301    $a Optevoz (Isère) $b Paris
686    $a 370 $c Éducation $2 Note de regroupement par domaine
801    $a FR $b FR-751131015 $c 20131122
810    $a Condorcet et l'éducation démocratique / Francisque Vial, 1970 [reprod. de l'éd. de 1906]
810    $a Lorenz $a L'inspection générale de l'instruction publique au XXe siècle / Guy Caplat, 1997
810    $a BN Cat. gén.
009 http://catalogue.bnf.fr/ark:/12148/cb12193411z
035    $a FRBNF12193411X
998    $a 185779
999    $a 12193411X

