01142cx  a2200325   4500
001 287280
003 http://catalogue.bnf.fr/ark:/12148/cb10746827w
005 20180724112923.0
010    $a 0000000108514821 $2 ISNI $d 20170818
100    $a 20180724 frey50      
101    $a fre
102    $a BE
103    $a  17951114  18500418 
105    $a a
106    $a 1  
120    $a b
152    $a AFNOR Z 44-061 $c 2 $b NP
200    $a Reiffenberg $b Frédéric Auguste Ferdinand Thomas de $f 1795-1850
300 0  $a Polygraphe. - Conservateur de la Bibliothèque royale de Belgique
301    $a Mons, Belgique $b Saint-Josse-ten-Noode
400    $7 ba0yba0y $8 fre    $a Reiffenberg $b Frédéric de $f 1795-1850
400    $5 e $7 ba0yba0y $8 fre    $a Brunck $b Marsilius $f 1795-1850
801    $a FR $b FR-751131015 $c 20050104
810    $a Notice sur Olivier le Diable ou le Dain, barbier et confident de Louis XI / par le Bon de Reiffenberg, lue dans la séance du 14 juin 1828, 1829
810    $a Berthelot
810    $a BN Cat. gén.
009 http://catalogue.bnf.fr/ark:/12148/cb10746827w
035    $a FRBNF10746827X
998    $a 187035
999    $a 10746827X

