01392cx  a2200397   4500
001 287441
003 http://catalogue.bnf.fr/ark:/12148/cb121174625
005 20240519032312.0
010    $a 0000000108848151 $2 ISNI $d 20150313
033    $a http://catalogue.bnf.fr/ark:/12148/cb121174625
035    $a FRBNF121174628
039    $o OPL $a 004626877
039    $o OPP $a 14300488 $d 20080303
039    $o OPP $a 10304497 $d 20100226
039    $o OPP $a 13311535 $d 20100226
039    $o OPP $a 11339795 $d 20100226
039    $o OPP $a 10094654 $d 20100226
039    $o OPP $a 10098283 $d 20100226
039    $o OPP $a 15456668 $d 20131010
100    $a 19890627afrey50      ba0
101    $a fre
102    $a FR
103    $a  18820415  19520808 
105    $a a
106    $a 010
120    $a a
200    $7 ba0yba0y $8 fre    $9  0  $a Corthis $b André $f 1882-1952
300    $a Romancière. - Pseudonyme de "Husson, Andrée", épouse de Raymond Lécuyer (1879-1950)
301    $a Paris $b Paris
686    $a 800 $c Histoire et critique littéraires $2 Note de regroupement par domaine
801    $a FR $b FR-751131015 $c 20131010
810    $a Petites vies dans la tourmente / André Corthis, 1917
810    $a Lorenz, 1916-1918 : Corthis (André), pseudonyme de Mlle Andrée Husson
810    $a BN Cat. gén. $a BN Cat. gén. suppl. : Corthis (Andrée), 1885-1952
999    $a FRBNF121174628 $b 12117462
152    $b NP

