00809nx  a2200253   4500
001 287602
003 http://catalogue.bnf.fr/ark:/12148/cb121538028
005 20180726124230.0
010    $a 0000000061318750 $2 VIAF $d 20130725
039    $o OPL $a 005159871
100    $a 20180724 frey50      
101    $a ger
102    $a XX
105    $a a
106    $a 1  
152    $a AFNOR Z 44-061 $c 2 $b NP
200    $a Schmuki $b Karl
300 0  $a Travaille à la bibliothèque de l'abbaye de Saint-Gall (en 1989)
801    $a FR $b FR-751131015 $c 19900712
810    $a Irische Buchkunst ... : Ausstellung in der Stiftsbibliothek St. Gallen, 28. November 1989 bis 3. November 1990 / von K. Schmuki, 1990
009 http://catalogue.bnf.fr/ark:/12148/cb121538028
035    $a FRBNF121538028
998    $a 188509
999    $a 12153802

