00568nx  a22002293  4500
001 287747
003 http://catalogue.bnf.fr/ark:/12148/cb12665726j
005 20180726124231.0
039    $o OPL $a 002731630
039    $o OPP $a 13213871 $d 20170927
100    $a 20180724 frey50      
101    $a xxx
102    $a XX
105    $a a
106    $a 1  
152    $a AFNOR Z 44-061 $c 2 $b NP
200    $a Bocquet $b Anny
801    $a FR $b FR-751131015 $c 19840420
009 http://catalogue.bnf.fr/ark:/12148/cb12665726j
035    $a FRBNF126657260
998    $a 189116
999    $a 12665726

