00527nx  a22002173  4500
001 287888
003 http://catalogue.bnf.fr/ark:/12148/cb126351028
005 20180726124232.0
039    $o OPL $a 001285399
100    $a 20180724 frey50      
101    $a fre
102    $a FR
105    $a a
106    $a 1  
152    $a AFNOR Z 44-061 $b NP
200    $a Rigout $b Gabriel
801    $a FR $b FR-751131015 $c 19810421
009 http://catalogue.bnf.fr/ark:/12148/cb126351028
035    $a FRBNF126351025
998    $a 189602
999    $a 12635102

