01440cx  a2200337   4500
001 288037
003 http://catalogue.bnf.fr/ark:/12148/cb110086106
005 20240508023127.0
010    $a 0000000360684566 $2 ISNI $d 20160215
033    $a http://catalogue.bnf.fr/ark:/12148/cb110086106
035    $a FRBNF110086109
039    $o OPP $a 11486542 $d 20111216
100    $a 19970701afrey50      ba0
101    $a fre
102    $a FR
103    $a  18900930  19711005 
105    $a a
106    $a 010
120    $a b
200    $7 ba0yba0y $8 fre    $9  0  $a Garnier $b Marcel $f 1890-1971
300    $a Poète et écrivain. - Plombier à Moret-sur-Loing, Seine-et-Marne
301    $a Quarré les Tombes (Yonne) $b Moret-sur-Loing (Seine-et-Marne)
686    $a 800 $c Histoire et critique littéraires $2 Note de regroupement par domaine
801    $a FR $b FR-751131015 $c 20170707
810    $a Un amour de bohémienne / Marcel Garnier, 1953
810    $a BnF - Département de la recherche bibliographique [Recueil. Dossiers biographiques Boutillier du Retail. Documentation sur Marcel Garnier], 1937-1943 $a Mémoires vivantes du Canton de Quarré les Tombes - http://www.memoiresvivantes.org/personnalite_GARNIERmarcel.php (2011-12-14)
810    $a BN Cat. gén. suppl. $a BN Cat. gén. 1960-1969
815    $a ABF
856    $u http://www.memoiresvivantes.org/personnalite_GARNIERmarcel.php $e 2011-12-14
999    $a FRBNF110086109 $b 11008610
152    $b NP

