01046cx  a2200289   4500
001 288183
003 http://catalogue.bnf.fr/ark:/12148/cb11904171m
005 20240517050312.0
010    $a 0000000083844591 $2 VIAF $d 20130724
033    $a http://catalogue.bnf.fr/ark:/12148/cb11904171m
035    $a FRBNF119041713
039    $o OPL $a 000800501
039    $o OPP $a 14008535 $d 20070307
100    $a 19760719afrey50      ba0
101    $a fre
102    $a FR
103    $a  19431229           
105    $a a
106    $a 1  
120    $a a
200    $7 ba0yba0y $8 fre    $9  0  $a Garnier $b Catherine $f 1943-....
300 0  $a Traduit de l'anglais en français
300 0  $a Maître de conférences en linguistique japonaise à l'INALCO (en 1996)
801    $a FR $b FR-751131015 $c 20070307
810    $a La phrase japonaise : structures complexes en japonais moderne / par Catherine Garnier, 1982 $a Pays et continents / sous la dir. de Leonard Sealey ; trad. et adapt. [de l'anglais] par C. Garnier, 1977
999    $a FRBNF119041713 $b 11904171
152    $b NP

