01133cx  a2200301   4500
001 288328
003 http://catalogue.bnf.fr/ark:/12148/cb12529589v
005 20240508074332.0
010    $a 0000000072448382 $2 VIAF $d 20130729
033    $a http://catalogue.bnf.fr/ark:/12148/cb12529589v
035    $a FRBNF125295890
039    $o OPL $a 012756646
039    $o OPP $a 15482066 $d 20130207
100    $a 19960823afrey50      ba0
101    $a fre
102    $a FR
103    $a  19030625  19411013 
105    $a a
106    $a 010
120    $a b
200    $7 ba0yba0y $8 fre    $9  0  $a Péguy $b Pierre $f 1903-1941
300    $a Fils cadet de : Péguy, Charles (1873-1914). - Éditeur intellectuel des oeuvres de son père
686    $a 944 $c Histoire de la France (depuis 486) $2 Note de regroupement par domaine
801    $a FR $b FR-751131015 $c 20200129
810    $a Oeuvres poétiques complètes / Charles Péguy ; introd. de François Porché ; chronologie de la vie et de l'oeuvre par Pierre Péguy ; notes par Marcel Péguy, 1989
810    $a BN Cat. gén. suppl. $a BN Cat. gén. 1960-1969
999    $a FRBNF125295890 $b 12529589
152    $b NP

