01290cx  a2200301   4500
001 288471
003 http://catalogue.bnf.fr/ark:/12148/cb135564241
005 20180724112926.0
010    $a 0000000110446688 $2 VIAF $d 20130731
039    $o OPL $a 014925949
100    $a 20180724 frey50      
101    $a m  
102    $a FR $b RE
103    $a  40422  1  30514    
105    $a a
152    $a AFNOR Z 44-061 $c 2 $b NP
200    $a La Fontaine $b Henri $f 1854-1943
300    $a Sénateur, avocat à la cour d'appel de Bruxelles, directeur de l'Institut international de bibliographie. - Prix Nobel de la paix (1913)
301    $a Bruxelles $b Bruxelles
400    $7 ba0yba0y $8 fre    $a Lafontaine $b Henri $f 1854-1943
801    $a FR $b FR-751131015 $c 19919bef
810    $a Pasicrisie internationale, 1794-1900 : histoire documentaire des arbitrages internationaux / H. La Fontaine, 1997 [reprod. de l'éd. de 1902] $a L'internationale sanglante des armements / Otto Lehmann-Russbüldt ; trad. de l'allemand par Eug. Peeters ; préf. d'Henri Lafontaine, 1931
810    $a Lorenz $a Le Nouveau dict. des Belges / sous la dir. de Thierry Denoël, 1992
810    $a BN Cat. gén.
009 http://catalogue.bnf.fr/ark:/12148/cb135564241
035    $a FRBNF13556424X
998    $a 192816
999    $a 13556424X

