00849cx  a2200241   4500
001 288625
003 http://catalogue.bnf.fr/ark:/12148/cb120766151
005 20180726124150.0
010    $a 0000000116617732 $2 VIAF $d 20130724
039    $o OPL $a 00404037X
100    $a 20180724 frey50      
101    $a eng $t fre
102    $a NZ
105    $a a
106    $a 1  
152    $a AFNOR Z 44-061 $c 2 $b NP
200    $a Ollivier $b Isabel
801    $a FR $b FR-751131015 $c 20040210
810    $a Extracts from journals relating to the visit to New Zealand in May-July 1772 of the French ships "Mascarin" and "Marquis de Castries" under the command of M.-J. Marion du Fresne / transcription by Isabel Ollivier ; appendix by Jeremy Spencer, 1985
009 http://catalogue.bnf.fr/ark:/12148/cb120766151
035    $a FRBNF120766153
998    $a 193847
999    $a 12076615

