01147cx  a2200301   4500
001 288802
003 http://catalogue.bnf.fr/ark:/12148/cb14015131p
005 20180726123916.0
010    $a 0000000120174567 $2 VIAF $d 20130801
039    $o OPP $a 14772409 $d 20111114
100    $a 20180724 frey50      
102    $a CL
103    $a  1878      1930     
105    $a a
106    $a 1  
120    $a b
152    $a AFNOR Z 44-061 $c 2 $b NP
200    $a Pérez Freire $b Osmán $f 1878-1930
300 0  $a Compositeur
301    $a Santiago du Chili $b Madrid (Espagne)
400    $7 ba0yba0y $8 fre    $a Freire $b Osmán Pérez $f 1878-1930
801    $a FR $b FR-751131015 $c 20111114
810    $a Viens twister [Musique imprimée] / musique de O. Perez-Freire ; paroles de André Salvet et Claude Carrère, cop. 1962 $a Ay-ay-ay [Enregistrement sonore] : creole song / Osman Perez Freire, comp. Victor 6601
810    $a Diccionario Porrúa de historia, biografía y geografía de México, 2a edición, 1965-1966 $a Catalogue Gramophone, 1992
009 http://catalogue.bnf.fr/ark:/12148/cb14015131p
035    $a FRBNF140151317
998    $a 195529
999    $a 14015131

