00505nx  a22001933  4500
001 288965
003 http://catalogue.bnf.fr/ark:/12148/cb167887043
005 20240511065647.0
033    $a http://catalogue.bnf.fr/ark:/12148/cb167887043
035    $a FRBNF167887044
100    $a 20140813cfrey50      ba0
101    $a und
102    $a XX
105    $a a
106    $a 1  
152    $c 2 $b NP
200    $7 ba0yba0y $8 fre    $9     $a Griffith $b Mari
801    $a FR $b FR-751131015 $c 20140813
999    $a FRBNF167887044 $b 16788704

