02190cx  a2200505   4500
001 289087
003 http://catalogue.bnf.fr/ark:/12148/cb119284140
005 20240518065244.0
010    $a 0000000121192791 $2 VIAF $d 20130724
033    $a http://catalogue.bnf.fr/ark:/12148/cb119284140
035    $a FRBNF119284149
039    $o OPL $a 001626060 $z AMA
039    $o OPL $a 001463617 $z APP
039    $o OPP $a 13900862 $d 20070214
039    $o OPP $a 13814728 $d 20070214
039    $o OPP $a 14063493 $d 20070214
039    $o OPP $a 14318448 $d 20070214
039    $o OPP $a 14866615 $d 20070214
039    $o OPP $a 15489930 $d 20110526
039    $o OPP $a 15489931 $d 20110526
039    $o OPP $a 16440386 $d 20131031
039    $o OPP $a 16440385 $d 20131031
039    $o OPP $a 15489929 $d 20131031
039    $o OPP $a 16850437 $d 20160819
100    $a 19751001afrey50      ba0
101    $a frm
102    $a FR
103    $a  1431    ? 1463    ?
105    $a a
106    $a 010
120    $a b
200    $7 ba0yba0y $8 frefre $9  0  $a Villon $b François $f 1431?-1463?
300    $a Poète. - Né entre le 1er avril 1431 et le 19 avril 1432. - Disparaît de Paris en janvier 1463. - Emprunte son nom de plume à son tuteur Guillaume de Villon, chanoine de Saint-Benoît-le-Bétourné (Paris). - Licencié et maître ès arts (1452)
400    $7 ba0yba0y $8 frefrm $9     $a Villon $b Françoys $f 1431-1463
400    $7 ba0yba0y $8 fre    $9     $a Montcorbier $b François de $f 1431-1463
530    $5 z $0 On lui a attribué autrefois à tort $3 17832620 $a Franc archer de Bagnolet
530    $5 z $3 12489578 $a Les repues franches
540    $3 16508694 $a Paulet $b Vincent $f 1962-.... $t [La ballade des pendus]
540    $3 15615887 $a Pound $b Ezra $f 1885-1972 $t [The testament of François Villon]
801    $a FR $b FR-751131015 $c 20190820
810    $a BnF, Paris, Département des Manuscrits, Français 1661 $a Les Ballades / de Maistre François Villon ; [illustration et ornements de Lucien Pissarro gravés sur bois par Esther et Lucien Pissarro], 1900
810    $a GDEL $a Laffont Bompiani, Auteurs
810    $a BN Cat. gén. $a BN Cat. gén. suppl $a BN Cat. gén. 1960-1969
999    $a FRBNF119284149 $b 11928414
152    $b NP

