00955cx  a2200325   4500
001 289262
003 http://catalogue.bnf.fr/ark:/12148/cb12202268f
005 20180726123702.0
010    $a 0000000117401052 $2 VIAF $d 20130725
039    $o OPL $a 007075443
039    $o OPL $a 007078457
039    $o OPP $a 12202463 $d 20130905
039    $o OPP $a 10919158 $d 20130905
039    $o OPP $a 11462431 $d 20130905
100    $a 20180724 frey50      
101    $a fre
102    $a CH
103    $a  1905      19680205 
105    $a a
106    $a 010
152    $a AFNOR Z 44-061 $c 2 $b NP
200    $a Peiry $b Alexis $f 1905-1968
300    $a Auteur d'ouvrages pour enfants et mémorialiste
801    $a FR $b FR-751131015 $c 20130905
810    $a L'or du pauvre / A. Peiry, 1989
810    $a WBIS on line - http://db.saur.de/WBIS (2013-09-05)
009 http://catalogue.bnf.fr/ark:/12148/cb12202268f
035    $a FRBNF122022687
998    $a 198677
999    $a 12202268

