00900cx  a2200277   4500
001 289398
003 http://catalogue.bnf.fr/ark:/12148/cb13189102j
005 20180724112928.0
010    $a 0000000045093934 $2 ISNI $d 20150312
039    $o OPL $a 013784972
100    $a 20180724 frey50      
101    $a fre
102    $a FR
103    $a  1958               
105    $a a
106    $a 1  
120    $a b
152    $a AFNOR Z 44-061 $b NP
200    $a Sitbon $b Michel $f 1958-....
300 0  $a Journaliste, éditeur et directeur de la revue "Maintenant, la lettre" (en 1998)
801    $a FR $b FR-751131015 $c 20141107
810    $a Plaidoyer pour les sans-papiers / Michel Sitbon, 1998 $a M. Poincaré et la guerre de 1914 / Gustave Dupin ; préface de Michel Sitbon, impr. 2014
009 http://catalogue.bnf.fr/ark:/12148/cb13189102j
035    $a FRBNF13189102X
998    $a 200765
999    $a 13189102X

