01717cx  a2200385   4500
001 289619
003 http://catalogue.bnf.fr/ark:/12148/cb11925428z
005 20240518073429.0
010    $a 0000000121251501 $2 saisie $d 20150617
033    $a http://catalogue.bnf.fr/ark:/12148/cb11925428z
035    $a FRBNF119254280
039    $o OPL $a 003441466 $z AMA
039    $o OPL $a 001380185 $z APP
039    $o OPP $a 15297321 $d 20150617
039    $o OPP $a 15486920 $d 20151117
039    $o OPP $a 15151595 $d 20151117
039    $o OPP $a 16488348 $d 20151117
100    $a 19750723afrey50      ba0
101    $a eng
102    $a GB
103    $a  18410128  19040510 
105    $a a
106    $a 010
120    $a b
152    $c 2 $b NP
200    $7 ba0yba0y $8 fre    $9  0  $a Stanley $b Henry Morton $f 1841-1904
300    $a Explorateur, écrivain et journaliste. - Pseudonyme de John Rowlands
301    $a Denbigh (Grande-Bretagne) $b Londres
400    $5 e $7 ba0yba0y $8 fre    $9     $a Stanley $b Henri Morton $f 1841-1904
400    $5 e $7 ba0yba0y $8 fre    $9     $a Stanley $b Henry $f 1841-1904
801    $a FR $b FR-751131015 $c 20151117
810    $a Voyage à la recherche de Livingstone au centre de l'Afrique : 1871-1872 / M. Henry Stanley, 1971 $a Dans les ténèbres de l'Afrique : recherche, découverte et retraite d'Emin Pacha, gouverneur de l'Équatoria / M. Henry M. Stanley, 1971 $a A travers le continent mystérieux, l'Afrique / Henri Morton Stanley, 1980
810    $a BLNA, 1995-11 : Stanley, H. M. (Henry Morton), 1841-1904 $a LCNA 1977-1986 : Stanley, Henry M. (Henry Morton), 1841-1904 $a DNB $a Encycl. britannica, 15 ed. $a GDEL : Stanley (John Rowlands, sir Henry Morton)
815    $a DLB, n ̊ 45
999    $a FRBNF119254280 $b 11925428

