00492nx  a22002053  4500
001 289725
003 http://catalogue.bnf.fr/ark:/12148/cb10182448k
005 20180726123805.0
100    $a 20180724 frey50      
101    $a und
102    $a XX
105    $a a
106    $a 1  
152    $a AFNOR Z 44-061 $c 2 $b NP
200    $a Bertrand
801    $a FR $b FR-751131015 $c 19970701
009 http://catalogue.bnf.fr/ark:/12148/cb10182448k
035    $a FRBNF101824488
998    $a 203452
999    $a 10182448

