01359cx  a2200337   4500
001 289853
003 http://catalogue.bnf.fr/ark:/12148/cb12538637v
005 20180726123511.0
010    $a 0000000403598159 $2 ISNI $d 20131217
039    $o OPL $a 012884496
039    $o OPP $a 14138314 $d 20130411
039    $o OPP $a 14749007 $d 20130411
039    $o OPP $a 14953083 $d 20130411
039    $o OPP $a 14934121 $d 20130918
100    $a 20180724 frey50      
102    $a FR
103    $a  181602    1874     
105    $a a
106    $a 1  
120    $a b
152    $a AFNOR Z 44-061 $b NP
200    $a Sotain $b Noël-Eugène $f 1816-1874
300 0  $a Graveur sur bois. - Élève de Barbant père, il grava d'après G. Doré
801    $a FR $b FR-751131015 $c 20130918
810    $a Alphabet et premier livre de lecture a l'usage des écolesprimaires d'Haïti, 1854 [orné d'une gr. s. b. signée : "E. Coppin" et "Sotain" (portrait de Faustin Ier, empereur d'Haïti)] $a BnF, Paris, département des Estampes et de la photographie. [Recueil. Oeuvre de Noël Eugène Sotain] [Image fixe], [s.d.]
810    $a Bénézit : né le 19 ou 27 février 1816 $a La gravure sur bois au XIXe siècle / Rémi Blachon, 2001
815    $a Osterwalder 1800-1914
009 http://catalogue.bnf.fr/ark:/12148/cb12538637v
035    $a FRBNF125386379
998    $a 204056
999    $a 12538637

