01142cx  a2200325   4500
001 290011
003 http://catalogue.bnf.fr/ark:/12148/cb12740635s
005 20180726123513.0
010    $a 0000000002092034 $2 ISNI $d 20150312
039    $o OPL $a 005001412
039    $o OPP $a 14958713 $d 20180706
100    $a 20180724 frey50      
102    $a FR
103    $a  1847      19040118 
105    $a a
106    $a 1  
120    $a b
152    $a AFNOR Z 44-061 $b NP
200    $a Beltrand $b Tony $f 1847-1904
300 0  $a Dessinateur et graveur. - Père des peintres et graveurs Camille (1877-1951), Georges, Jacques (1874-1977) et Marcel Beltrand
301    $a Lyon (Rhône) $b Paris, 14e arrondissement (France)
343    $a graveur $a dessinateur
350    $a gravure $a dessin
801    $a FR $b FR-751131015 $c 20180706
810    $a Croquis du vieux Paris / Georges Cain,... ; illustrations et gravure sur bois de Tony Beltrand ; préface de Victorien Sardou,... , 1905
810    $a ABF $a État civil de Paris, 14D 206
009 http://catalogue.bnf.fr/ark:/12148/cb12740635s
035    $a FRBNF127406357
998    $a 205612
999    $a 12740635

