00788nx  a2200265   4500
001 290409
003 http://catalogue.bnf.fr/ark:/12148/cb155758190
005 20180726123503.0
010    $a 0000000046756840 $2 VIAF $d 20130806
100    $a 20180724 frey50      
101    $a fre
102    $a FR
103    $a  19..               
105    $a a
106    $a 1  
120    $a b
152    $a AFNOR Z 44-061 $b NP
200    $a Przybyla $b Francis
300 0  $a Docteur en histoire (Lille 3, 2004)
801    $a FR $b FR-751131015 $c 20071024
810    $a Le blé, le sucre et le charbon : les parlementaires du Nord et leur action, 1881-1889 / Francis Przybyla, impr. 2007
009 http://catalogue.bnf.fr/ark:/12148/cb155758190
035    $a FRBNF155758198
998    $a 209367
999    $a 15575819

