01434cx  a2200277   4500
001 290626
003 http://catalogue.bnf.fr/ark:/12148/cb145602680
005 20240513055345.0
010    $a 0000000001014245 $2 ISNI $d 20160216
033    $a http://catalogue.bnf.fr/ark:/12148/cb145602680
035    $a FRBNF145602681
100    $a 20040803afrey50      ba0
102    $a XX
103    $a  19..      ....     
105    $a i
106    $a 1  
120    $a b
152    $c 2 $b NP
200    $7 ba0yba0y $8 fre    $9  0  $a Popat $b Sam
300 0  $a Disc-jockey et producteur. - Disc-jockey du Buddha bar à Paris depuis les débuts
400    $7 ba0yba0y $8 fre    $9     $a DJ Sam Popat
801    $a FR $b FR-751131015 $c 20200908
810    $a Tribal works [Enregistrement sonore]. 2 / by Sam Popat, remix. George V records 3084692
810    $a Sam Popat - http://sampopat.com (2011-11-24) $a Deezer - http://www.deezer.com/fr/music/sam-popat (2011-11-24) $a SoundCloud - https://soundcloud.com/sam-popat (2020-04-28) $a FG Chic - http://www.fgchic.com/equipes/sam-popat-5 (2020-04-28) $a Discogs - https://www.discogs.com/fr/artist/366359-Sam-Popat (2020-04-28)
856    $u http://sampopat.com/ $e 2011-11-24 $u http://www.deezer.com/fr/music/sam-popat $e 2011-11-24 $u https://soundcloud.com/sam-popat $e 2020-04-28 $u http://www.fgchic.com/equipes/sam-popat-5 $e 2020-04-28 $u https://www.discogs.com/fr/artist/366359-Sam-Popat $e 2020-04-28
999    $a FRBNF145602681 $b 14560268

