00954cx  a2200265   4500
001 290819
003 http://catalogue.bnf.fr/ark:/12148/cb15733971d
005 20180726123453.0
010    $a 0000000108872039 $2 VIAF $d 20130806
100    $a 20180724 frey50      
101    $a fre
102    $a FR
103    $a  1947               
105    $a a
106    $a 010
120    $a a
152    $a AFNOR Z 44-061 $b NP
200    $a Verdure $b Élisabeth $f 1947-....
300    $a Relieuse. - Membre de l'APAR (Association pour la promotion des arts de la reliure) (en 2008). - Collectionneuse pendant 30 ans de livres dotés d'une reliure romantique en cartonnage, qu'elle a donnés à la Bibliothèque municipale de Lyon
801    $a FR $b FR-751131015 $c 20081024
810    $a Cartonnages romantiques, 1840-1870 / Élisabeth Verdure, DL 2008
009 http://catalogue.bnf.fr/ark:/12148/cb15733971d
035    $a FRBNF157339715
998    $a 212616
999    $a 15733971

