01045cx  a2200277   4500
001 290982
003 http://catalogue.bnf.fr/ark:/12148/cb141422791
005 20240513061353.0
010    $a 0000000119499962 $2 VIAF $d 20130801
033    $a http://catalogue.bnf.fr/ark:/12148/cb141422791
035    $a FRBNF141422796
039    $o OPP $a 14234526 $d 20060626
100    $a 20030310afrey50      ba0
102    $a FR
103    $a  19661027           
105    $a a $a i
106    $a 1  
120    $a b
200    $7 ba0yba0y $8 fre    $9  0  $a Tuel $b Laurent $f 1966-....
300 0  $a Réalisateur, scénariste et acteur
801    $a FR $b FR-751131015 $c 20190731
810    $a Rock'n'roll star [Enregistrement sonore] : le titre inédit issu de la bande originale du film Jean-Philippe : un film de Laurent Tuel / Johnny Hallyday, chant [acc. voc. et instr.]. Mercury 11111
810    $a Les gens du cinéma - http://www.lesgensducinema.com (2019-07-31)
856    $u http://www.lesgensducinema.com $e 2019-07-31
999    $a FRBNF141422796 $b 14142279
152    $b NP

