00738cx  a2200253   4500
001 291177
003 http://catalogue.bnf.fr/ark:/12148/cb15716081j
005 20180726123457.0
010    $a 0000000005237171 $2 ISNI $d 20150312
100    $a 20180724 frey50      
101    $a fre
102    $a XX
103    $a  19..               
105    $a a
106    $a 1  
120    $a b
152    $a AFNOR Z 44-061 $c 2 $b NP
200    $a Hadley $b Frédérick
801    $a FR $b FR-751131015 $c 20080701
810    $a La Grande guerre. [Volume 1], En images / par Bruno Vouters ; avec la collaboration de Frédérick Hadley, DL 2008
009 http://catalogue.bnf.fr/ark:/12148/cb15716081j
035    $a FRBNF157160819
998    $a 216105
999    $a 15716081

