00800cx  a2200277   4500
001 291378
003 http://catalogue.bnf.fr/ark:/12148/cb162471573
005 20180726123330.0
010    $a 0000000106555953 $2 VIAF $d 20130807
100    $a 20180724 frey50      
101    $a eng
102    $a XX
103    $a            19..     
105    $a a
106    $a 1  
120    $a b
152    $a AFNOR Z 44-061 $c 2 $b NP
200    $a Johnston $b Amanda
300 0  $a Styliste. - A enseigné au London college of fashion
801    $a FR $b FR-751131015 $c 20101130
810    $a Mode : guide des textiles, impr. 2010
810    $a LC authorities - http://authorities.loc.gov (2010-11-30)
009 http://catalogue.bnf.fr/ark:/12148/cb162471573
035    $a FRBNF162471572
998    $a 218181
999    $a 16247157

