01180cx  a2200301   4500
001 291601
003 http://catalogue.bnf.fr/ark:/12148/cb16524446n
005 20240516030655.0
010    $a 0000000121213353 $2 ISNI $d 20170818
033    $a http://catalogue.bnf.fr/ark:/12148/cb16524446n
035    $a FRBNF165244462
100    $a 20110718afrey50      ba0
102    $a US
103    $a  19870908           
105    $a i
106    $a 1  
120    $a b
152    $c 2 $b NP
200    $7 ba0yba0y $8 fre    $9  0  $a Wiz Khalifa $f 1987-....
300 0  $a Chanteur de rap
400    $5 e $7 ba0yba0y $8 fre    $9     $a Khalifa $b Wiz $f 1987-....
516    $5 h $3 16696752 $7 ba0yba0y $8 fre    $9     $a Taylor gang
801    $a FR $b FR-751131015 $c 20160412
810    $a Rolling papers [Enregistrement sonore] / Wiz Khalifa, chant [acc. voc. et instr.]. Atlantic 7567-88272-8
810    $a Wikipedia - http://fr.wikipedia.org/wiki/Wiz_Khalifa (2011-07-18) $a VIAF - http://viaf.org/viaf/14540808 (2016-04-12)
856    $u http://www.wizkhalifa.com/ $e 2011-07-18
856    $u http://fr.wikipedia.org/wiki/Wiz_Khalifa $e 2011-07-18 $u http://viaf.org/viaf/14540808 $e 2016-04-12
999    $a FRBNF165244462 $b 16524446

