01047cx  a2200277   4500
001 291795
003 http://catalogue.bnf.fr/ark:/12148/cb159317397
005 20180726123334.0
010    $a 0000000054918336 $2 VIAF $d 20131025
100    $a 20180724 frey50      
101    $a fre
102    $a FR
103    $a  19730125           
105    $a a
106    $a 1  
120    $a a
152    $a AFNOR Z 44-061 $b NP
200    $a Maisonnier $b Élisabeth $f 1973-....
300 0  $a Archiviste-paléographe (1997). - Conservateur responsable des collections patrimoniales de la Bibliothèque municipale de Versailles (en 2008)
801    $a FR $b FR-751131015 $c 20100729
810    $a Versailles : nouvelles pages : dix ans d'acquisitions patrimoniales / Bibliothèque municipale de Versailles ; [sous la direction d'Élisabeth Maisonnier et Marie-Françoise Rose], DL 2008
810    $a Livret de l'École des chartes 1967-2007, p. 29
009 http://catalogue.bnf.fr/ark:/12148/cb159317397
035    $a FRBNF159317393
998    $a 222405
999    $a 15931739

