01451cx  a2200337   4500
001 292025
003 http://catalogue.bnf.fr/ark:/12148/cb12146002k
005 20240506050209.0
010    $a 0000000000920721 $2 VIAF $d 20130725
033    $a http://catalogue.bnf.fr/ark:/12148/cb12146002k
035    $a FRBNF121460024
039    $o OPL $a 005042918 $z APP
039    $o OPL $a 005120612 $z AMA
100    $a 19900504afrey50      ba0
101    $a fre
102    $a FR
103    $a  19510903           
105    $a a $c p $a c
106    $a 010
120    $a b
200    $7 ba0yba0y $8 fre    $9  0  $a Martinelli $b Jean-Louis $f 1951-....
300    $a Metteur en scène. - Fondateur du Théâtre du Réfectoire à Lyon (en 1977), directeur artistique du Théâtre de l'Ouest lyonnais (1987-1994), du Théâtre national de Strasbourg (1993-2000) et du Théâtre Nanterre-Amandiers (2001-2013). Créateur de la compagnie Allers-retours (2013)
301    $a Rodez
510    $5 xxxz $0 Dirige :  $3 17057715 $7 ba0yba0y $8 fre    $9 20  $a Compagnie Allers-retours
510    $3 14712252 $7 ba0yba0y $8 fre    $9 20  $a Théâtre du Réfectoire
686    $a 790 $c Spectacles et loisirs (généralités) $2 Note de regroupement par domaine
801    $a FR $b FR-751131015 $c 20160705
810    $a Rêves de sable : notes, entretiens, créations du Théâtre de Lyon 1987-1993 / Jean-Louis Martinelli, 1993
810    $a WW, France 2004-2005
999    $a FRBNF121460024 $b 12146002
152    $b NP

