00954cx  a2200265   4500
001 292499
003 http://catalogue.bnf.fr/ark:/12148/cb167390914
005 20240507045715.0
010    $a 0000000423229991 $2 ISNI $d 20150313
033    $a http://catalogue.bnf.fr/ark:/12148/cb167390914
035    $a FRBNF167390918
100    $a 20140129afrey50      ba0
102    $a US
103    $a  19..               
105    $a i
106    $a 1  
120    $a a
152    $c 2 $b NP
200    $7 ba0yba0y $8 fre    $9  0  $a Chang $b Katie
300 0  $a Actrice
801    $a FR $b FR-751131015 $c 20140313
810    $a The bling ring [Images animées] / Sofia Coppola, réal., scénario. Israel Broussard, Katie Chang, Taissa Farmiga, act... [et al.]. Pathé distribution, 2013
810    $a IMDb - http://www.imdb.com/name/nm4583512/?ref_=fn_al_nm_1 (2014-03-13)
856    $u http://www.imdb.com/name/nm4583512/?ref_=fn_al_nm_1 $e 2014-03-13
999    $a FRBNF167390918 $b 16739091

