01164cx  a2200289   4500
001 292723
003 http://catalogue.bnf.fr/ark:/12148/cb124790671
005 20180726123240.0
010    $a 0000000365427315 $2 VIAF $d 20130729
039    $o OPL $a 011657008
100    $a 20180724 frey50      
101    $a fre
102    $a FR
103    $a  19660221           
105    $a a $a p
106    $a 1  
152    $a AFNOR Z 44-061 $b NP
200    $a Boniface $b Xavier $f 1966-....
300 0  $a Agrégé et docteur en histoire. - Professeur à l'Université de Picardie (en 1995). - Professeur à l'Université du littoral Côte d'Opale, ULCO Boulogne-sur-Mer, spécialiste en histoire religieuse et militaire (en 2012)
801    $a FR $b FR-751131015 $c 20150401
810    $a La Somme à la Belle époque : vie politique et religieuse / Xavier Boniface, 1994
810    $a Site UMR 8529 cnrs - http://irhis.recherche.univ-lille3.fr/5Boniface.html (2012-12-07)
815    $a Les historiens français de la période moderne et contemporaine, annu. 1991
009 http://catalogue.bnf.fr/ark:/12148/cb124790671
035    $a FRBNF124790671
998    $a 230139
999    $a 12479067

