01163cx  a2200325   4500
001 292999
003 http://catalogue.bnf.fr/ark:/12148/cb12146760p
005 20180726123141.0
010    $a 0000000109217386 $2 VIAF $d 20130725
039    $o OPL $a 005052937
100    $a 20180724 frey50      
101    $a dut
102    $a NL
103    $a  1957               
105    $a a
106    $a 1  
120    $a b
152    $a AFNOR Z 44-061 $c 2 $b NP
200    $a Heugten $b Sjraar van $f 1957-....
300 0  $a Directeur des collections, Rijksmuseum Vincent van Gogh, Amsterdam (en 1990)
400    $7 ba0yba0y $8 fre    $a Van Heugten $b Sjraar $f 1957-....
400    $7 ba0yba0y $8 fre    $a Chegten $b Scraar van $f 1957-....
400    $7 ba0yba0y $8 fre    $a Van Chegten $b Scraar $f 1957-....
801    $a FR $b FR-751131015 $c 20070824
810    $a Vincent van Gogh. [1], Peintures / catalogue par E. van Uitert, L. van Tilborgh, S. van Heugten, 1990
810    $a Bibliothèque royale, Pays-Bas - http://opc4.kb.nl/DB=1/SET=1/TTL=1/SHW?FRST=1 (2007-08-24)
009 http://catalogue.bnf.fr/ark:/12148/cb12146760p
035    $a FRBNF121467606
998    $a 232288
999    $a 12146760

