01075cx  a2200277   4500
001 293335
003 http://catalogue.bnf.fr/ark:/12148/cb16261983t
005 20180726123144.0
010    $a 0000000119596527 $2 VIAF $d 20130807
100    $a 20180724 frey50      
101    $a fre
102    $a BE
103    $a  1960               
105    $a a
106    $a 1  
120    $a b
152    $a AFNOR Z 44-061 $c 2 $b NP
200    $a Paquot $b Michel $f 1960-....
300 0  $a Journaliste. - Professeur de journalisme dans l'école supérieure de communication Haute école Louvain en Hainaut, HELHa, à Tournai (Belgique) (en 2014)
801    $a FR $b FR-751131015 $c 20140402
810    $a Le pique-nique des Hollandaises / Alain Berenboom; préface de Jacques De Decker ; postface de Michel Paquot, 2010 $a Le Furet du Nord : naissance de la librairie moderne / DL 2014 [Biogr. p. 65]
810    $a Bibliothèque royale, Belgique - http://www.kbr.be (2011-02-03)
009 http://catalogue.bnf.fr/ark:/12148/cb16261983t
035    $a FRBNF162619836
998    $a 264535
999    $a 16261983

