01171cx  a2200265   4500
001 293443
003 http://catalogue.bnf.fr/ark:/12148/cb123194891
005 20180726123145.0
010    $a 000000005656499X $2 VIAF $d 20130726
039    $o OPL $a 009056580
100    $a 20180724 frey50      
101    $a fre
102    $a FR
103    $a  19400311           
105    $a a
106    $a 1  
152    $a AFNOR Z 44-061 $b NP
200    $a Mousel $b Michel $f 1940-....
300 0  $a Contrôleur d'État (en 1993). - Directeur de l'eau, de la prévention des pollutions et des risques, Délégué aux risques majeurs au Ministère de l'environnement, Paris (en 1990)
801    $a FR $b FR-751131015 $c 19930901
810    $a Environnement et électricité : les procédés électriques de traitement des rejets industriels / dir. Daniel Gardais ; préf. de Michel Mousel, 1990 $a Dossier R. comme racket pétrolier / Christian de Brie, Michel Étienne, François Turquan et la Commission économique du Parti Socialiste Unifié ; postf. de Michel Mousel, 1976
009 http://catalogue.bnf.fr/ark:/12148/cb123194891
035    $a FRBNF123194896
998    $a 278507
999    $a 12319489

00198    a2200097   4500
001 293566
005 20180921112847.0
210    $a Oregone
801    $a FR $b 595126101 $c 20180921
100    $a 20180921afrey50      ba0
152    $b CO

00222    a2200097   4500
001 293672
005 20181103121513.0
200    $a Desfachelle-Krajewski $b Corinne 
801    $a FR $b 595126101 $c 20181103
100    $a 20181103afrey50      ba0
152    $b NP

00218    a2200097   4500
001 293797
005 20181218104806.0
200    $a Dubois $b Constantin $c Choulik
801    $a FR $b 595126101 $c 20181218
100    $a 20181218afrey50      ba0
152    $b NP

