00778nx  a2200241   4500
001 293918
003 http://catalogue.bnf.fr/ark:/12148/cb171640533
005 20240510032628.0
033    $a http://catalogue.bnf.fr/ark:/12148/cb171640533
035    $a FRBNF171640530
100    $a 20171115afrey50      ba0
101    $a fre
102    $a FR
103    $a  19..               
105    $a a
106    $a 1  
120    $a a
200    $7 ba0yba0y $8 fre    $9  0  $a Vincenti $b Aurore
300 0  $a Chroniqueuse sur "France inter"
801    $a FR $b FR-751131015 $c 20171115
810    $a Les mots du bitume [Texte imprimé] : de Rabalais aux rappeurs, petit dictionnaire de la langue de la rue / Aurore Vincenti. - Paris : le Robert, DL 2017.
999    $a FRBNF171640530 $b 17164053
152    $b NP

