00762nx  a2200241   4500
001 294402
003 http://catalogue.bnf.fr/ark:/12148/cb15557741z
005 20240517051032.0
010    $a 0000000002388062 $2 ISNI $d 20150312
033    $a http://catalogue.bnf.fr/ark:/12148/cb15557741z
035    $a FRBNF155577415
100    $a 20070823afrey50      ba0
101    $a fre $t eng
102    $a FR
103    $a  19..               
105    $a a
106    $a 1  
120    $a b
200    $7 ba0yba0y $8 fre    $9  0  $a Menasché $b Lionel
801    $a FR $b FR-751131015 $c 20070823
810    $a Marginalia et autres fragments / Edgar Allan Poe : textes choisis, présentés et traduits de l'anglais par Lionel Ménasché, 2007
999    $a FRBNF155577415 $b 15557741
152    $b NP

