00706cx  a2200241   4500
001 294572
003 http://catalogue.bnf.fr/ark:/12148/cb16790814z
005 20240516045745.0
010    $a 0000000432265126 $2 ISNI $d 20180214
033    $a http://catalogue.bnf.fr/ark:/12148/cb16790814z
035    $a FRBNF167908143
100    $a 20140813afrey50      ba0
102    $a XX
103    $a  19..               
105    $a a
106    $a 1  
120    $a b
152    $c 2 $b NP
200    $7 ba0yba0y $8 fre    $9  0  $a Lilyan
300 0  $a Illustrateur
801    $a FR $b FR-751131015 $c 20180208
810    $a Torret eo ar werenn ! / tresadennoù, Lilyan ; istor, Yann-Fañch Jacq, DL 2009
999    $a FRBNF167908143 $b 16790814

