00775nx  a2200241   4500
001 294714
003 http://catalogue.bnf.fr/ark:/12148/cb170856506
005 20240517044925.0
010    $a 0000000459776508 $2 ISNI $d 20170202
033    $a http://catalogue.bnf.fr/ark:/12148/cb170856506
035    $a FRBNF170856500
100    $a 20161115afrey50      ba0
101    $a fre $t ger
102    $a FR
103    $a  19..               
105    $a a
106    $a 1  
120    $a a
200    $7 ba0yba0y $8 fre    $9  0  $a Pironin $b Virginie
801    $a FR $b FR-751131015 $c 20161115
810    $a Le goût de vivre [Texte imprimé] : roman / Steven Uhly ; traduit de l'allemand par Virginie Pironin. - [Paris] : Presses de la Cité, DL 2016.
999    $a FRBNF170856500 $b 17085650
152    $b NP

