01474cx  a2200301   4500
001 294857
003 http://catalogue.bnf.fr/ark:/12148/cb12050954w
005 20240519070805.0
010    $a 0000000117790756 $2 VIAF $d 20130724
033    $a http://catalogue.bnf.fr/ark:/12148/cb12050954w
035    $a FRBNF120509543
039    $o OPL $a 003543574
100    $a 19840420afrey50      ba0
101    $a fre
102    $a FR
103    $a  1942               
105    $a a
106    $a 1  
120    $a b
200    $7 ba0yba0y $8 fre    $9  0  $a Larrère $b Raphaël $f 1942-....
300 0  $a Ingénieur agronome (INA, Paris 1964). - Directeur de recherche à l'Institut national de la recherche agronomique, spécialisé en éthique environnementale, membre de l'Unité RITME, Risques, travail, marchés, état (en 2010)
400    $7 ba0yba0y $8 fre    $9     $a Larrère $b Gérard Raphaël $f 1942-....
801    $a FR $b FR-751131015 $c 20101012
810    $a L'Harmonie hydrovégétale et météorologique : ou l'Utopie forestière / de F.-A. Rauch ; extraits de l'ouvrage de Rauch, précédés d'un commentaire de G. R. Larrère, 1985 $a Bionano-éthique / sous la dir. de Bernadette Bensaude-Vincent, Raphaël Larrère, Vanessa Nurock, impr. 2008
810    $a INRA - http://www.paris.inra.fr/ritme/membres_de_l_unite/raphael_larrere (2010-10-12)
856    $u http://www.paris.inra.fr/ritme/membres_de_l_unite/raphael_larrere $e 2010-10-12
999    $a FRBNF120509543 $b 12050954
152    $b NP

