00700nx  a2200241   4500
001 295088
003 http://catalogue.bnf.fr/ark:/12148/cb13168317g
005 20240514043652.0
010    $a 0000000106743807 $2 VIAF $d 20130730
033    $a http://catalogue.bnf.fr/ark:/12148/cb13168317g
035    $a FRBNF131683171
039    $o OPL $a 013425574
100    $a 19970916afrey50      ba0
101    $a mul
102    $a BE
105    $a a
106    $a 1  
150    $a y $b e3  
152    $c 2 $b CO
210    $7 ba0yba0y $8 fre    $9 20  $a Université libre de Bruxelles $c 1970-.... $b Section INFODOC
410    $7 ba0yba0y $8 fre    $9     $a INFODOC
801    $a FR $b FR-751131015 $c 19970930
999    $a FRBNF131683171 $b 13168317

