01110cx  a2200337   4500
001 295376
003 http://catalogue.bnf.fr/ark:/12148/cb12147575d
005 20240514050102.0
010    $a 0000000027454943 $2 ISNI $d 20170818
033    $a http://catalogue.bnf.fr/ark:/12148/cb12147575d
035    $a FRBNF121475752
039    $o OPL $a 012522892 $z AMA
039    $o OPL $a 005064156 $z APP
039    $o OPP $a 16408137 $d 20140415
039    $o OPP $a 11576598 $d 20180420
100    $a 19900521afrey50      ba0
101    $a fre
102    $a FR
103    $a  19180526  19940822 
105    $a a $a i
106    $a 010
120    $a b
200    $7 ba0yba0y $8 fre    $9  0  $a Perrin $b Michel $f 1918-1994
300    $a Ecrivain, journaliste. - Reporter à "Télé 7 jours"
400    $5 e $7 ba0yba0y $8 fre    $9     $a Audebert $b Antoine $f 1918-1994
801    $a FR $b FR-751131015 $c 20140415
810    $a Le Jazz a cent ans / Michel Perrin, 1984
810    $a WW, France 1993-1994 $a Figaro, 1994-08-24
810    $a BN Cat. gén. 1960-1969 : Perrin (Michel), pseud. Antoine Audebert
999    $a FRBNF121475752 $b 12147575
152    $b NP

