01419cx  a2200409   4500
001 295596
003 http://catalogue.bnf.fr/ark:/12148/cb118857652
005 20240519023933.0
010    $a 0000000121392902 $2 VIAF $d 20130724
033    $a http://catalogue.bnf.fr/ark:/12148/cb118857652
035    $a FRBNF11885765X
039    $o OPL $a 001662359 $z AMA
039    $o OPL $a 000354878 $z APP
039    $o OPP $a 15450468 $d 20121114
039    $o OPP $a 14297485 $d 20121114
039    $o OPP $a 16369630 $d 20150522
039    $o OPP $a 10959610 $d 20150522
039    $o OPP $a 10959613 $d 20150522
100    $a 19840720afrey50      ba0
101    $a spa
102    $a ES
103    $a  18670129  19280128 
105    $a a
106    $a 010
120    $a b
152    $c 2 $b NP
200    $7 ba0yba0y $8 fre    $9  0  $a Blasco Ibáñez $b Vicente $f 1867-1928
300    $a Romancier
301    $a Valence (Espagne) $b Menton (Alpes-Maritimes)
400    $7 ba0yba0y $8 fre    $9     $a Ibáñez $b Vicente Blasco $f 1867-1928
400    $7 ba0yba0y $8 fre    $9     $a Blasco Ibañez $f 1867-1928
400    $7 ba0yba0y $8 fre    $9     $a Ibañez $b Blasco $f 1867-1928
801    $a FR $b FR-751131015 $c 20160314
810    $a Flor de mayo / Vicente Blasco Ibáñez, 1981
810    $a Diccionario de literatura española e hispanoamericana, 1993 $a Bleiberg
810    $a BN Cat. gén. $a BN Cat. gén. suppl. $a BN Cat. gén. 1960-1969
999    $a FRBNF11885765X $b 11885765

