00944cx  a2200265   4500
001 295854
003 http://catalogue.bnf.fr/ark:/12148/cb119609655
005 20240516065120.0
033    $a http://catalogue.bnf.fr/ark:/12148/cb119609655
035    $a FRBNF119609653
039    $o OPL $a 001911821
100    $a 19840217afrey50      ba0
101 0  $a fre
102    $a XX
103    $a  1924               
106    $a 010
154    $a |a
240    $a Bloch $b Marc $f 1886-1944 $9  0  $7 ba0yba0y $8 frefre $t Les rois thaumaturges
300    $a Catégorie de l'oeuvre : Oeuvres textuelles
300    $a Thèse de doctorat d'histoire médiévale
686    $a 944 $c Histoire de la France (depuis 486) $2 Note de regroupement par domaine
801    $a FR $b FR-751131015 $c 20080725
810    $a Dictionnaire biographique des historiens français et francophones / Christian Amalvi, 2004 (sous : Bloch, Marc)
999    $a FRBNF119609653 $b 11960965
152    $b SAUTTIT

