00887cx  a2200265   4500
001 296069
003 http://catalogue.bnf.fr/ark:/12148/cb13620900h
005 20240506055215.0
033    $a http://catalogue.bnf.fr/ark:/12148/cb13620900h
035    $a FRBNF13620900X
039    $o OPL $a 015535247
100    $a 20000427afrey50      ba0
101 0  $a fre
102    $a XX
103    $a  1842               
106    $a 010
154    $a |a
240    $a Bertrand $b Aloysius $f 1807-1841 $9  0  $7 ba0yba0y $8 frefre $t Gaspard de la nuit
300    $a Catégorie de l'oeuvre : Oeuvres textuelles
300    $a Recueil de poèmes en prose publié après la mort de l'auteur
686    $a 800 $c Histoire et critique littéraires $2 Note de regroupement par domaine
801    $a FR $b FR-751131015 $c 20061004
810    $a Laffont Bompiani, Oeuvres, 1987
999    $a FRBNF13620900X $b 13620900
152    $b SAUTTIT

