01147cx  a2200313   4500
001 296294
003 http://catalogue.bnf.fr/ark:/12148/cb124716203
005 20240508073402.0
010    $a 0000000449184875 $2 ISNI $d 20161108
010    $y 0000000049443815 $2 VIAF $d 20130729
033    $a http://catalogue.bnf.fr/ark:/12148/cb124716203
035    $a FRBNF124716201
039    $o OPL $a 011566003
100    $a 19950626afrey50      ba0
101    $a fre
102    $a FR
103    $a  1898      1973     
105    $a a
106    $a 1  
120    $a b
200    $7 ba0yba0y $8 fre    $9  0  $a Leproux $b Marc $f 1898-1973
300 0  $a Ethnologue du pays charentais
301    $a Saint-Maurice-des-lions (Charente) $b Angoulême (Charente)
801    $a FR $b FR-751131015 $c 20150109
810    $a Médecine, magie et sorcellerie / Marc Leproux ; préf. de Arnold Van Gennep, 1994 [Reprod de l'éd. de 1954]
810    $a Dictionnaire biographique des Charentais et de ceux qui ont illustré les Charentes / coordination par François Julien-Labruyère, 2005
810    $a BN Cat. gén. $a BN Cat. gén. suppl.
999    $a FRBNF124716201 $b 12471620
152    $b NP

