00853cx  a2200253   4500
001 296705
003 http://catalogue.bnf.fr/ark:/12148/cb146189638
005 20240515023044.0
010    $a 0000000037000435 $2 VIAF $d 20130802
033    $a http://catalogue.bnf.fr/ark:/12148/cb146189638
035    $a FRBNF146189634
100    $a 20050408afrey50      ba0
102    $a FR
103    $a  1953               
105    $a i
106    $a 1  
120    $a b
200    $7 ba0yba0y $8 fre    $9  0  $a Frézin $b Colombe $f 1953-....
300 0  $a Chanteuse et percussionniste
510    $5 xxxk $0 Membre de :  $3 15542901 $7 ba0yba0y $8 fre    $9 20  $a Collectif Baltimore
801    $a FR $b FR-751131015 $c 20130315
810    $a Saint-John Perse [Enregistrement sonore] / Colombe Frézin, chant [acc. inste.]... [et al.]. EPM 960952
999    $a FRBNF146189634 $b 14618963
152    $b NP

