01023cx  a2200253   4500
001 296932
003 http://catalogue.bnf.fr/ark:/12148/cb169732039
005 20240517044931.0
010    $a 000000043609124X $2 ISNI $d 20161107
033    $a http://catalogue.bnf.fr/ark:/12148/cb169732039
035    $a FRBNF169732039
100    $a 20150622afrey50      ba0
101    $a eng
102    $a US
103    $a  19..               
105    $a a
106    $a 1  
120    $a a
152    $c 2 $b NP
200    $7 ba0yba0y $8 fre    $9  0  $a Albertalli $b Becky
300 0  $a Romancière. - Ancienne psychologue
801    $a FR $b FR-751131015 $c 20200630
810    $a Moi, Simon 16 ans homo sapiens [Texte imprimé] / Becky Albertalli ; traduit de l'anglais (États-Unis) par Mathilde Tamae-Bouhon. - Vanves : Hachette romans, DL 2015. $a Love Simon : moi, Simon, 16 ans, homo sapiens / Becky Albertalli ; traduit de l'anglais (États-Unis) par Mathilde Tamae-Bouhon. - Vanves : le Livre de poche junio, DL 2020.
999    $a FRBNF169732039 $b 16973203

