01805cx  a2200373   4500
001 297062
003 http://catalogue.bnf.fr/ark:/12148/cb13931739z
005 20240508040000.0
010    $a 0000000059382972 $2 VIAF $d 20130731
033    $a http://catalogue.bnf.fr/ark:/12148/cb13931739z
035    $a FRBNF13931739X
039    $o OPP $a 14760623 $d 20070604
039    $o OPP $a 13796005 $d 20070604
039    $o OPP $a 13825616 $d 20070604
100    $a 19901203afrey50      ba0
102    $a US
103    $a  19160104  19910226 
105    $a a $a i
106    $a 1  
120    $a b
152    $c 2 $b NP
200    $7 ba0yba0y $8 fre    $9  0  $a Gaillard $b Slim $f 1916-1991
300 0  $a Guitariste, pianiste et chanteur de jazz. - Acteur. - Forma un duo avec Slam Stewart (Slim et Slam) en 1938
301    $a Detroit $b Londres
510    $5 xxxk $0 Membre de :  $3 15542884 $7 ba0yba0y $8 fre    $9 20  $a Slim Gaillard quartet
510    $5 xxxk $0 Membre de :  $3 13906552 $7 ba0yba0y $8 fre    $9 20  $a Slim & Slam
510    $5 xxxk $0 Membre de :  $3 13975350 $7 ba0yba0y $8 fre    $9 20  $a Slim Gaillard and his Peruvians
510    $5 xxxk $0 Membre de :  $3 13975389 $7 ba0yba0y $8 fre    $9 20  $a Slim Gaillard and his Shintoists
510    $5 xxxz $0 Dirige :  $3 13975395 $7 ba0yba0y $8 fre    $9 20  $a Slim Gaillard and his orchestra
801    $a FR $b FR-751131015 $c 20080304
810    $a Laughing in rhythm [Enregistrement sonore] : the best of the Verve years / Slim Gaillard, guit., chant... . Verve 5216512 $a The complete Jazz at the Philharmonic on Verve : 1944-1949. Verve 5238932
810    $a 60 years of recorded jazz music $a Grove Music Online :  Gaillard, Slim [Bulee] (b Santa Clara, Cuba, or Detroit, ?1 Jan 1916...) - http://www.grovemusic.com (2008-03-04)
856    $u http://www.grovemusic.com $e 2008-03-04
999    $a FRBNF13931739X $b 13931739

