00805cx  a2200253   4500
001 297330
003 http://catalogue.bnf.fr/ark:/12148/cb122134077
005 20240505054123.0
010    $a 0000000021025400 $2 VIAF $d 20130725
033    $a http://catalogue.bnf.fr/ark:/12148/cb122134077
035    $a FRBNF122134070
039    $o OPL $a 007595390
100    $a 19910729afrey50      ba0
101    $a fre
102    $a FR
105    $a a
106    $a 1  
200    $7 ba0yba0y $8 fre    $9  0  $a Maurin $b Paul-Marie
300 0  $a Traduit de l'anglais en français
300 0  $a Spécialiste de la philosophie du 17e s.
801    $a FR $b FR-751131015 $c 19961219
810    $a De Homine : traité de l'homme / Thomas Hobbes ; trad. et  comment. par Paul-Marie Maurin, 1974
999    $a FRBNF122134070 $b 12213407
152    $b NP

