01371cx  a2200265   4500
001 297513
003 http://catalogue.bnf.fr/ark:/12148/cb12254200b
005 20240508061158.0
033    $a http://catalogue.bnf.fr/ark:/12148/cb12254200b
035    $a FRBNF122542008
039    $o OPL $a 008240296
100    $a 19920630afrey50      ba0
106    $a 211
152    $b SNC $c 2
159    $a rameau
250    $7 ba0yba0y $8 fre    $9     $a Morisques $y Espagne $z 1609-1614 (Expulsion)
300 1  $a Décidée par Philippe III le 4 avril 1609, l'expulsion générale des Morisques s'effectua successivement entre 1609 et 1611 dans le royaume de Valence, l'Andalousie, Murcie, la Castille, l'Aragon, la Catalogne ; les dernières expulsions se poursuivirent jusqu'en 1614
450    $7 ba0yba0y $8 fre    $9     $a Morisques $y Espagne $x Expulsion (1609-1614)
450    $7 ba0yba0y $8 fre    $9     $a Expulsion des Morisques d'Espagne (1609-1614)
550    $5 z $0 Voir aussi $3 13318579 $7 ba0yba0y $8 fre    $9     $a Morisques
550    $5 z $0 Voir aussi $3 11936363 $7 ba0yba0y $8 fre    $9     $a Espagne $z 1598-1621 $x Philippe III
801    $a FR $b FR-751131015 $c 19931013
810    $a GDEL $a GER $a Mourre, 1983 $a Dic. de historia de España / dir. por G. Bleiberg, 1983 $a Historia de los moriscos / A. Domínguez Ortiz , B. Vincent, 1979
815    $a Laval RVM, 1993-02. - LCSH, 1993-03
999    $a FRBNF122542008 $b 12254200

