01314cx  a2200361   4500
001 297704
003 http://catalogue.bnf.fr/ark:/12148/cb121031834
005 20240512031555.0
010    $a 0000000110297256 $2 VIAF $d 20130725
033    $a http://catalogue.bnf.fr/ark:/12148/cb121031834
035    $a FRBNF12103183X
039    $o OPL $a 001863209 $z AMA
039    $o OPL $a 004422472 $z APP
039    $o OPP $a 14958454 $d 20100204
100    $a 19890207afrey50      ba0
101    $a fre
102    $a FR
103    $a  18760404  19581010 
105    $a a
106    $a 010
120    $a b
200    $7 ba0yba0y $8 fre    $9  0  $a Vlaminck $b Maurice de $f 1876-1958
300    $a Peintre et graveur. - Poète, romancier
301    $a Paris $b Rueil-la-Gadelière (Eure-et-Loir)
400    $7 ba0yba0y $8 fre    $9     $a Vlaminck $b Maurice $f 1876-1958
686    $a 750 $c Peinture $2 Note de regroupement par domaine
686    $a 760 $c Arts graphiques $2 Note de regroupement par domaine
801    $a FR $b FR-751131015 $c 20100204
810    $a D'un lit dans l'autre / Maurice de Vlaminck et Fernand Sernada, 1902 $a Vlaminck. Communications, poèmes et bois gravés, 1931
810    $a GDEL $a Bénézit, 1976
810    $a BN Cat. gén. : Vlaminck (Maurice de), dit aussi Maurice Vlaminck
999    $a FRBNF12103183X $b 12103183
152    $b NP

