00804cx  a2200217   4500
001 297860
003 http://catalogue.bnf.fr/ark:/12148/cb12042222m
005 20240514050744.0
033    $a http://catalogue.bnf.fr/ark:/12148/cb12042222m
035    $a FRBNF120422227
039    $o OPL $a 003408473
100    $a 19870603afrey50      ba0
106    $a 211
152    $b SNC $c 2
159    $a rameau
250    $7 ba0yba0y $8 fre    $9     $a Histoire économique $z 16e siècle
686    $a 330 $c Economie $2 Note de regroupement par domaine
801    $a FR $b FR-751131015 $c 20000705
822 12 $a Histoire économique -- +* 1500......- 1599......+:16e siècle: $2 RVMLaval $d 2000-07-05
822 1  $a Economic history--16th century $2 LCSH $u http://id.loc.gov/authorities/subjects/sh85040821 $d 2017-02-09
999    $a FRBNF120422227 $b 12042222

