02666cx  a2200469   4500
001 298011
003 http://catalogue.bnf.fr/ark:/12148/cb11911636z
005 20240515053125.0
010    $a 0000000121340096 $2 ISNI $d 20170818
033    $a http://catalogue.bnf.fr/ark:/12148/cb11911636z
035    $a FRBNF119116361
039    $o OPL $a 001004343 $z APP
039    $o OPL $a 01569198X $z AMA
039    $o OPP $a 14843161 $d 20090805
039    $o OPP $a 14991900 $d 20100208
039    $o OPP $a 15472229 $d 20110207
039    $o OPP $a 16381728 $d 20131121
039    $o OPP $a 16452094 $d 20131121
039    $o OPP $a 16483451 $d 20140314
100    $a 19761123afrey50      ba0
101    $a fre
102    $a FR
103    $a  18630714  19320212 
105    $a a
106    $a 010
120    $a b
200    $7 ba0yba0y $8 fre    $9  0  $a Le Goffic $b Charles $f 1863-1932
300    $a Poète, romancier et auteur de récits concernant la Bretagne et la Première Guerre mondiale. - Fils du libraire-éditeur de Lannion Jean-François Le Goffic (1815-1864). - Agrégé de l'université. - Membre de l'Académie française (élu en 1931). - Fondateur de la revue littéraire "Les Chroniques". - Le pseudonyme Jean Capékerne a été utilisé par Alphonse et Charles Le Goffic. - Eostik ar Garantez est un nom de barde. - Officier de la Légion d'honneur (1913)
301    $a Lannion (Côtes-d'Armor) $b Lannion (Côtes-d'Armor)
400    $5 l $7 ba0yba0y $8 fre    $9     $a Capékerne $b Jean $f 1863-1932
400    $5 e $7 ba0yba0y $8 fre    $9     $a Eostik ar Garantez $f 1863-1932
400    $5 l $7 ba0yba0y $8 fre    $9     $a Kapekerne $b Jean $f 1863-1932
540    $3 14066536 $a Ropartz $b Guy $f 1864-1955 $t [Le Pays]
686    $a 800 $c Histoire et critique littéraires $2 Note de regroupement par domaine
801    $a FR $b FR-751131015 $c 20230426
810    $a L'Abbesse de Guérande / Charles Le Goffic, 1920 $a Velléda, poésie / Jean Capékerne, 1882
810    $a Laffont Bompiani. Auteurs $a Talvart et Place $a Geriadur ar skrivagnerien ha yezhourien vrezhonek / Lukian Raoul, 1882 $a Coston : Capekerne, Jean [pseud. de] Charles Le Goffic $a Les pseudonymes des bretons / J. Malo Renault, 1994 :  Kapekerne (Jean) [pseud. de] Le Goffic (Charles et Alphonse) $a 500 bretons à connaître / Jean-Loup Avril, 1989 $a Léonore - https://www.leonore.archives-nationales.culture.gouv.fr/ui/notice/219642 (2023-04-17)
810    $a BN Cat. gén. : Le Goffic (Charles), pseud. Jean Capékerne $a BN Cat. gén. suppl. $a BN Cat. gén. 1960-1969
815    $a Beaumarchais
856    $u https://www.leonore.archives-nationales.culture.gouv.fr/ui/notice/219642 $e 2023-04-17
999    $a FRBNF119116361 $b 11911636
152    $b NP

