01134cx  a2200277   4500
001 298156
003 http://catalogue.bnf.fr/ark:/12148/cb119338592
005 20240515061551.0
033    $a http://catalogue.bnf.fr/ark:/12148/cb119338592
035    $a FRBNF119338593
039    $o OPL $a 00155061X
100    $a 19810212afrey50      ba0
106    $a 211
152    $b SNC $c 2
159    $a rameau
250    $7 ba0yba0y $8 fre    $9     $a Cap-horniers (bateaux à voiles)
300 1  $a Navires à voiles de commerce qui franchissaient le cap Horn
550    $5 z $0 Voir aussi $3 15757404 $7 ba0yba0y $8 fre    $9     $a Cap-horniers $x marins
550    $5 z $0 Voir aussi $3 11934860 $7 ba0yba0y $8 fre    $9     $a Horn $x Cap (Chili)
550    $5 g $3 11931029 $7 ba0yba0y $8 fre    $9     $a Bateaux à voiles
550    $5 g $3 11946926 $7 ba0yba0y $8 fre    $9     $a Navires de commerce
686    $a 330 $c Economie $2 Note de regroupement par domaine
686    $a 600 $c Sciences appliquées $2 Note de regroupement par domaine
801    $a FR $b FR-751131015 $c 20080819
810    $a Grand Larousse universel $a Grand Larousse de la langue française, 2001
999    $a FRBNF119338593 $b 11933859

