01024cx  a2200313   4500
001 298288
003 http://catalogue.bnf.fr/ark:/12148/cb11923569b
005 20240515065415.0
010    $a 0000000108596951 $2 VIAF $d 20130724
033    $a http://catalogue.bnf.fr/ark:/12148/cb11923569b
035    $a FRBNF11923569X
039    $o OPL $a 00132708X
100    $a 19760818afrey50      ba0
101    $a eng
102    $a GB
103    $a  19260803  20041218 
105    $a a
106    $a 1  
120    $a b
152    $c 2 $b NP
200    $7 ba0yba0y $8 fre    $9  0  $a Sampson $b Anthony $f 1926-2004
300 0  $a Journaliste et écrivain
301    $b Wardour (GB)
801    $a FR $b FR-751131015 $c 20060913
810    $a Anatomy of Britain today / Anthony Sampson, 1965
810    $a BLNA, 2002-11 $a BL Integrated catalogue : Sampson, Anthony Terrell Sewar - http://catalogue.bl.uk (2006-09-13) $a Monde, 2004-12-24
810    $a BN Cat. gén. 1960-1969
856    $u http://catalogue.bl.uk $e 2006-09-13
999    $a FRBNF11923569X $b 11923569

