01203cx  a2200325   4500
001 298449
003 http://catalogue.bnf.fr/ark:/12148/cb12081388d
005 20240516063013.0
010    $a 0000000063056707 $2 VIAF $d 20130724
033    $a http://catalogue.bnf.fr/ark:/12148/cb12081388d
035    $a FRBNF120813884
039    $o OPL $a 00409043X
039    $o OPP $a 14303837 $d 20150219
100    $a 19880801afrey50      ba0
101    $a fre
102    $a FR
103    $a  19060122  19941008 
105    $a a
106    $a 1  
120    $a b
200    $7 ba0yba0y $8 fre    $9  0  $a Fournier $b Albert $f 1906-1994
300 0  $a Écrivain et critique littéraire
301    $a Briantes (Indre) $b Bruyères-le-Châtel (Essonne)
801    $a FR $b FR-751131015 $c 20211206
810    $a Périples des sages et des fous (d'Agrippa d'Aubigné à Reverdy) / Albert Fournier, 1981
810    $a Dictionnaire bio-bibliographique des auteurs du pays creusois / Amédée Carriat, 1964 $a Insee. Fichier des décès 1994 : Fournier, Albert Félix Vincent - htpps://www.insee.fr (2021-08-05)
810    $a BN Cat. gén. suppl.
856    $u htpps://www.insee.fr $e 2021-08-05
999    $a FRBNF120813884 $b 12081388
152    $b NP

