01961cx  a2200385   4500
001 298600
003 http://catalogue.bnf.fr/ark:/12148/cb125452524
005 20240516070626.0
010    $a 0000000078350669 $2 VIAF $d 20130729
033    $a http://catalogue.bnf.fr/ark:/12148/cb125452524
035    $a FRBNF125452523
039    $o OPL $a 012970123
039    $o OPP $a 11247006 $d 20100521
039    $o OPP $a 11554258 $d 20100521
039    $o OPP $a 11316338 $d 20100521
039    $o OPP $a 15484993 $d 20150218
100    $a 19961107afrey50      ba0
101    $a fre
102    $a FR
103    $a  18851121  19660525 
105    $a a
106    $a 1  
120    $a b
200    $7 ba0yba0y $8 fre    $9  0  $a Saint-Pierre $b Louis de $f 1885-1966
300 0  $a Louis de Grosourdy, sixième marquis de Saint-Pierre. - Historien, spécialiste de l'histoire de la Normandie. - Père de : Saint-Pierre, Michel de (1916-1987)
400    $7 ba0yba0y $8 fre    $9     $a Grosourdy de Saint Pierre $b Louis de $f 1885-1966
400    $7 ba0yba0y $8 fre    $9     $a Saint Pierre $b Louis de Grosourdy de $f 1885-1966
400    $7 ba0yba0y $8 fre    $9     $a Saint-Pierre $b Marquis de $f 1885-1966
801    $a FR $b FR-751131015 $c 20150218
810    $a Mémoires du Maréchal Soult : Espagne et Portugal / texte établi et présenté par Louis et Antoinette de Saint-Pierre, 1955 $a Au temps des Vikings, les navires et la marine nordiques d'après les vieux textes / André Manguin ; préface du Marquis de Saint-Pierre, 1944
810    $a Dictionnaire et armorial de la noblesse / Patrice de Clinchamps, 2005-2008 : Grosourdy de Saint Pierre (de) $a GeneALL.net - http://www.geneall.net/F/per_page.php?id=335573 (2010-05-20) $a Qui était qui, XXe siècle / Béatrice et Michel Wattel, 2005 (art. : Michel de Saint-Pierre)
810    $a BN Cat. gén. suppl. $a BN Cat. gén. 1960-1969
856    $u http://www.geneall.net/F/per_page.php?id=335573 $e 2010-05-20
999    $a FRBNF125452523 $b 12545252
152    $b NP

