02788cx  a2200505   4500
001 298742
003 http://catalogue.bnf.fr/ark:/12148/cb16902404h
005 20240516021857.0
033    $a http://catalogue.bnf.fr/ark:/12148/cb16902404h
035    $a FRBNF169024047
100    $a 20140806afrey50      ba0
101 0  $a fre
102    $a XX
103    $a  1849               
106    $a 010
154    $a |a
240    $a Lamartine $b Alphonse de $f 1790-1869 $9  0  $7 ba0yba0y $8 frefre $t Graziella
300    $a Catégorie de l'oeuvre : Oeuvres textuelles
300    $a Historique de l'oeuvre : Écrit en1844. D'abord intégré à l'ouvrage autobiographique "Les confidences" (livres VII à X), publié seul en 1852
300    $a Nature du contenu de l'oeuvre : Roman autobiographique
349    $r Première édition $a Paris $d 1852
440    $a Lamartine $b Alphonse de $f 1790-1869 $7 ba0yba0y $8 freeng $t Graziella, a story of Italian love
440    $a Lamartine $b Alphonse de $f 1790-1869 $7 ba0yba0y $8 freeng $t Graziella or The history of a broken heart
440    $a Lamartine $b Alphonse de $f 1790-1869 $7 ba0yba0a $8 freara $t Gharazayalla
440    $a Lamartine $b Alphonse de $f 1790-1869 $7 ba0yfa0a $8 freara $t غرازييلّا
440    $a Lamartine $b Alphonse de $f 1790-1869 $7 ba0yba0a $8 frearm $t Kratsʻiēlla
440    $a Lamartine $b Alphonse de $f 1790-1869 $7 ba0ymb0y $8 frearm $t Կրացիէլլա
440    $a Lamartine $b Alphonse de $f 1790-1869 $7 ba0yba0y $8 fredan $t Graziella, eller min første kjærlighed
440    $a Lamartine $b Alphonse de $f 1790-1869 $7 ba0yba0y $8 frespa $t Graciela
440    $a Lamartine $b Alphonse de $f 1790-1869 $7 ba0yba0y $8 frespa $t Graziella, recuerdos de la juventud
440    $a Lamartine $b Alphonse de $f 1790-1869 $7 ba0yba0y $8 frefin $t Italian tytär, Graziella
440    $a Lamartine $b Alphonse de $f 1790-1869 $7 ba0yba0a $8 fregre $t Gkratsiéla
440    $a Lamartine $b Alphonse de $f 1790-1869 $7 ba0yga0y $8 fregre $t Γκρατσιέλα
440    $a Lamartine $b Alphonse de $f 1790-1869 $7 ba0yba0a $8 freheb $t Grazielah
440    $a Lamartine $b Alphonse de $f 1790-1869 $7 ba0yha0y $8 freheb $t גרזיאלה
440    $a Lamartine $b Alphonse de $f 1790-1869 $7 ba0yba0y $8 freita $t Graziella, o Un episodio della giovinezza
440    $a Lamartine $b Alphonse de $f 1790-1869 $7 ba0yba0y $8 fretur $t Graziyella
440    $a Lamartine $b Alphonse de $f 1790-1869 $7 ba0yba0y $8 frevie $t Hận ngày xanh
540    $5 g $3 18025146 $a Lamartine $b Alphonse de $f 1790-1869 $t Les confidences
686    $a 800 $c Histoire et critique littéraires $2 Note de regroupement par domaine
801    $a FR $b FR-751131015 $c 20220718
810    $a Beaumarchais (sous : Lamartine, Alphonse Marie Louis de) : Graziella
810    $a BN Cat. gén. (sous : Lamartine, Alphonse de)
999    $a FRBNF169024047 $b 16902404
152    $b SAUTTIT

