00914cx  a2200313   4500
001 298879
003 http://catalogue.bnf.fr/ark:/12148/cb120604970
005 20240505074011.0
010    $a 000000010936604X $2 VIAF $d 20130724
033    $a http://catalogue.bnf.fr/ark:/12148/cb120604970
035    $a FRBNF120604977
039    $o OPL $a 00848379X $z AMA
039    $o OPL $a 003849311 $z APP
100    $a 19870101afrey50      ba0
101    $a spa
102    $a MX
103    $a  19040504  19800117 
105    $a a
106    $a 010
120    $a b
152    $c 2 $b NP
200    $7 ba0yba0y $8 fre    $9  0  $a Yáñez $b Agustín $f 1904-1980
300    $a Romancier
301    $a Guadalajara, Mexique $b Mexico
801    $a FR $b FR-751131015 $c 20030515
810    $a Flor de juegos antiguos / Agustín Yáñez, 1985
810    $a GDEL
810    $a BN Cat. gén. suppl. $a BN Cat. gén. 1960-1969
999    $a FRBNF120604977 $b 12060497

