02942cx  a2200553   4500
001 299046
003 http://catalogue.bnf.fr/ark:/12148/cb15241131t
005 20240508043715.0
033    $a http://catalogue.bnf.fr/ark:/12148/cb15241131t
035    $a FRBNF152411317
039    $o OPP $a 15187569 $d 20130528
039    $o OPP $a 15187568 $d 20130528
039    $o OPP $a 15228633 $d 20130528
100    $a 19891121afrey50      ba0
106    $a 11 
123    $d E0064200 $e E0183200 $f N0460400 $g N0375600
152    $b SNG $c 2
159    $a AFNOR NF Z44-081
160    $a e-it
215    $7 ba0yba0y $8 frefre $9  1  $a Italie
300 1  $a Ces coordonnées géographiques ne limitent que la péninsule italienne et excluent la Sardaigne et la Sicile traitées séparément
356    $a Coordonnées géographiques : E 6°42' - E 18°32' / N 46°4' - N 37°56'
415    $7 ba0yba0y $8 freita $9  1  $a Repubblica Italiana
415    $7 ba0yba0y $8 frefre $9     $a Italie (1861-)
415    $7 ba0yba0y $8 frefre $9     $a Italie, Royaume d' (1861-1943)
515    $5 a $0 Antérieurement, voir $3 15330511 $7 ba0yba0y $8 frefre $9  1  $a Italie (476-1861)
515    $5 h $3 16224264 $7 ba0yba0y $8 frefre $9  1  $a Sant'Antioco (Sardaigne, Italie)
515    $5 h $3 15324915 $7 ba0yba0y $8 frefre $9  1  $a Lampedusa, Île de (Sicile, Italie)
515    $5 h $3 15324653 $7 ba0yba0y $8 frefre $9  1  $a Tremiti, Îles (Pouilles, Italie)
515    $5 h $3 15324641 $7 ba0yba0y $8 frefre $9  1  $a Tavolara, Île (Sardaigne, Italie)
515    $5 h $3 15324628 $7 ba0yba0y $8 frefre $9  1  $a Sant'Antioco, Île (Sardaigne, Italie)
515    $5 h $3 15324621 $7 ba0yba0y $8 frefre $9  1  $a Sant'Andrea (Pouilles, Italie ; île)
515    $5 h $3 15324584 $7 ba0yba0y $8 frefre $9  1  $a Procida, Île de (Campanie, Italie)
515    $5 h $3 15324562 $7 ba0yba0y $8 frefre $9  1  $a Pianosa, Île de (Toscane, Italie)
515    $5 h $3 15324561 $7 ba0yba0y $8 frefre $9  1  $a Piana, Île (Sardaigne, Italie)
515    $5 h $3 15324513 $7 ba0yba0y $8 freita $9  1  $a Molara, Île (Sardaigne, Italie)
515    $5 h $3 15324324 $7 ba0yba0y $8 frefre $9  1  $a Égates, Îles (Sicile, Italie)
515    $5 h $3 15322792 $7 ba0yba0y $8 frefre $9  1  $a Murano, Île de (Vénétie, Italie)
515    $5 h $3 15309257 $7 ba0yba0y $8 freita $9  1  $a Éoliennes, Îles (Sicile, Italie)
515    $5 h $3 15307381 $7 ba0yba0y $8 frefre $9  1  $a Pontines, Îles (Latium, Italie)
515    $5 h $3 15307377 $7 ba0yba0y $8 frefre $9  1  $a Ischia, Île d' (Campanie, Italie)
515    $5 h $3 15307376 $7 ba0yba0y $8 frefre $9  1  $a Ventotene (Campanie, Italie ; île)
515    $5 h $3 15288356 $7 ba0yba0y $8 frefre $9  1  $a Elbe, Île d' (Toscane, Italie)
515    $5 h $3 15241129 $7 ba0yba0y $8 frefre $9  1  $a Sardaigne, Île de (Italie)
515    $5 h $3 15241128 $7 ba0yba0y $8 frefre $9  1  $a Sicile, Île de (Italie)
515    $5 g $3 15307742 $7 ba0yba0y $8 frefre $9  1  $a Pays de l'Union européenne
715    $7 ba0yba0y $8 freita $9  1  $a Italia
801    $a FR $b FR-751131015 $c 20170623
999    $a FRBNF152411317 $b 15241131

