01507cx  a2200385   4500
001 299216
003 http://catalogue.bnf.fr/ark:/12148/cb12073499m
005 20240508024045.0
010    $a 0000000121484399 $2 ISNI $d 20161107
033    $a http://catalogue.bnf.fr/ark:/12148/cb12073499m
035    $a FRBNF120734999
039    $o OPL $a 00400763X
039    $o OPP $a 13930191 $d 20060811
039    $o OPP $a 14297928 $d 20060811
039    $o OPP $a 14670352 $d 20060811
039    $o OPP $a 14855632 $d 20060811
039    $o OPP $a 10109614 $d 20080621
039    $o OPP $a 10069516 $d 20080621
039    $o OPP $a 11793455 $d 20080621
039    $o OPP $a 10844597 $d 20080621
100    $a 19880426afrey50      ba0
101    $a fre
102    $a FR
103    $a  19010905  19751206 
105    $a a
106    $a 010
120    $a b
200    $7 ba0yba0y $8 fre    $9  0  $a Bost $b Pierre $f 1901-1975
300    $a Romancier et scénariste. - Auteur de pièces de théâtre. - A également écrit sous le nom de résistance Vivarais
301    $a Lasalle (Gard) $b Paris (France)
500    $5 e $0 Voir le pseudonyme $3 15451324 $7 ba0yba0y $8 fre    $9  0  $a Vivarais $f 1901-1975
801    $a FR $b FR-751131015 $c 20220328
810    $a Homicide par imprudence : roman / Pierre Bost, 1925 $a La Haute Fourche / Vivarais [Pierre Bost], 1944 $a Le Diable au corps / Claude Autant-Lara ; scénario et dialogues de Jean Aurenche, Pierre Bost, Claude Autant-Lara ; images de Raymond Voinquel, 1984
999    $a FRBNF120734999 $b 12073499
152    $b NP

