00814cx  a2200217   4500
001 299349
003 http://catalogue.bnf.fr/ark:/12148/cb11969080r
005 20240508074303.0
033    $a http://catalogue.bnf.fr/ark:/12148/cb11969080r
035    $a FRBNF119690801
039    $o OPL $a 002026182
100    $a 19850218afrey50      ba0
106    $a 210
152    $b SNG $c 2
159    $a rameau
215    $7 ba0yba0y $8 fre    $9     $a Prusse $z 1713-1740 (Frédéric-Guillaume I)
500    $5 z $3 12254866 $7 ba0yba0y $8 frefre $9  0  $a Frédéric-Guillaume $d Ier $f 1688-1740 $c roi de Prusse
801    $a FR $b FR-751131015 $c 19960814
815    $a Laval RVM, 1996-02
822 12 $a Prussia (Germany)--History--Frederick William I, 1713-1740 $2 LCSH $u http://id.loc.gov/authorities/subjects/sh85108067 $d 2017-02-09
999    $a FRBNF119690801 $b 11969080

