01330cx  a2200301   4500
001 299502
003 http://catalogue.bnf.fr/ark:/12148/cb11993881g
005 20240509063103.0
033    $a http://catalogue.bnf.fr/ark:/12148/cb11993881g
035    $a FRBNF119938816
039    $o OPL $a 002327762
100    $a 19860310afrey50      ba0
106    $a 220
152    $b SNC $c 2
159    $a rameau
250    $7 ba0yba0y $8 fre    $9     $a 8e siècle
330    $a S'emploie uniquement en subdivision chronologique [sans subd. géogr.] à tous sujets noms communs et noms propres, à l'exception des personnes et des sujets pour lesquels il existe un découpage chronologique spécifique
450    $7 ba0yba0y $8 fre    $9     $a 8e siècle (subdivision)
450    $7 ba0yba0y $8 fre    $9     $a Huitième siècle (subdivision)
450    $7 ba0yba0y $8 fre    $9     $a VIIIe siècle (subdivision)
550    $5 z $0 Voir aussi $3 13752703 $7 ba0yba0y $8 fre    $9     $a Huitième siècle
550    $5 g $3 16770072 $7 ba0yba0y $8 fre    $9     $a 3e-8e siècles
550    $5 g $3 11975717 $7 ba0yba0y $8 fre    $9     $a Moyen âge
686    $a 900 $c Histoire et géographie (généralités) $2 Note de regroupement par domaine
801    $a FR $b FR-751131015 $c 20140403
815    $a Laval RVM (en ligne), 2014-04-03
822 11 $2 LCSH $d 2014-04-03
999    $a FRBNF119938816 $b 11993881

