01343cx  a2200325   4500
001 299970
003 http://catalogue.bnf.fr/ark:/12148/cb120369031
005 20240518034040.0
033    $a http://catalogue.bnf.fr/ark:/12148/cb120369031
035    $a FRBNF120369034
039    $o OPL $a 003233426
100    $a 19860101afrey50      ba0
101 0  $a eng
102    $a XX
103    $a  1884               
106    $a 010
152    $c 2 $b SAUTTIT
154    $a |a
240    $a Twain $b Mark $f 1835-1910 $9  0  $7 ba0yba0y $8 freeng $t The adventures of Huckleberry Finn
300    $a Catégorie de l'oeuvre : Oeuvres textuelles
300    $a Roman
440    $a Twain $b Mark $f 1835-1910 $7 ba0yba0y $8 freeng $t Huckleberry Finn
440    $a Twain $b Mark $f 1835-1910 $7 ba0yba0y $8 frefre $t Les aventures d'Huckleberry Finn
440    $a Twain $b Mark $f 1835-1910 $7 ba0yba0y $8 frefre $t Les aventures de Huckleberry Finn
530    $5 xxc $0 A pour adaptation :  $3 16457374 $a The adventures of Huckleberry Finn (film)
686    $a 800 $c Histoire et critique littéraires $2 Note de regroupement par domaine
801    $a FR $b FR-751131015 $c 20140718
810    $a Reference guide to American literature / Ed. Jim Kamp, 1994 (sous : Twain, Mark) : forme retenue
810    $a Laffont Bompiani, Oeuvres, 1994 : Les aventures d'Huckleberry Finn
999    $a FRBNF120369034 $b 12036903

