01493cx  a2200349   4500
001 300197
003 http://catalogue.bnf.fr/ark:/12148/cb13542060m
005 20240516042551.0
033    $a http://catalogue.bnf.fr/ark:/12148/cb13542060m
035    $a FRBNF135420602
039    $o OPL $a 014791560
100    $a 20000204afrey50      ba0
106    $a 211
152    $b SNC $c 2
159    $a rameau
250    $7 ba0yba0y $8 fre    $9     $a MP3 (norme de codage audio)
450    $7 ba0yba0y $8 fre    $9     $a MP3 (fichiers)
450    $7 ba0yba0y $8 fre    $9     $a MP3 (format)
450    $7 ba0yba0y $8 fre    $9     $a MP3 (logiciels)
450    $7 ba0yba0y $8 fre    $9     $a MPEG audio (norme)
450    $7 ba0yba0y $8 fre    $9     $a MPEG layer 3 (norme)
450    $7 ba0yba0y $8 fre    $9     $a MPEG-1 audio layer 3 (norme)
550    $5 z $0 Voir aussi $3 12573610 $7 ba0yba0y $8 fre    $9     $a Musique sur Internet
550    $5 z $0 Voir aussi $3 13542045 $7 ba0yba0y $8 fre    $9   2 $a Lecteurs MP3
550    $5 g $3 13506833 $7 ba0yba0y $8 fre    $9   2 $a MPEG (norme de codage vidéo)
686    $a 621 $2 Note de regroupement par domaine
686    $a 791 $c Audiovisuel $2 Note de regroupement par domaine
801    $a FR $b FR-751131015 $c 20030709
815    $a Grand dict. Marabout de l'informatique et de l'Internet / Virga, 1996
822 12 $a MP3 (norme de codage audio) $2 RVMLaval $d 2003-07-09
822 1  $a MP3 (Audio coding standard) $2 LCSH $u http://id.loc.gov/authorities/subjects/sh00000865 $d 2017-02-09
999    $a FRBNF135420602 $b 13542060

