01428cx  a2200337   4500
001 300357
003 http://catalogue.bnf.fr/ark:/12148/cb12066455h
005 20240517025828.0
033    $a http://catalogue.bnf.fr/ark:/12148/cb12066455h
035    $a FRBNF120664554
039    $o OPL $a 003932077
100    $a 19880212afrey50      ba0
106    $a 201
152    $b SNC $c 2
159    $a rameau
250    $7 ba0yba0y $8 fre    $9     $a Préfixes et suffixes
330    $a S'emploie également en subdivision
450    $7 ba0yba0y $8 fre    $9     $a Préfixes
450    $7 ba0yba0y $8 fre    $9     $a Préfixes privatifs
450    $7 ba0yba0y $8 fre    $9     $a Privatifs
450    $7 ba0yba0y $8 fre    $9     $a Suffixes
550    $5 h $3 11977139 $7 ba0yba0y $8 fre    $9     $a Diminutifs
550    $5 h $3 12526880 $7 ba0yba0y $8 fre    $9     $a Préverbes
550    $5 g $3 11980023 $7 ba0yba0y $8 fre    $9     $a Affixes (linguistique)
686    $a 401 $2 Note de regroupement par domaine
801    $a FR $b FR-751131015 $c 20230504
810    $a Grand Larousse universel
810    $a Dict. de la linguistique / G. Mounin, 1974 $a Dict. de linguistique et des sciences du langage, 1994
822 12 $a Grammar, Comparative and general--Suffixes and prefixes $2 LCSH $u http://id.loc.gov/authorities/subjects/sh85056334 $d 2023-04-18
822 12 $a Suffixes and prefixes $2 LCSH $u http://id.loc.gov/authorities/subjects/sh2001009073 $d 2023-04-18
999    $a FRBNF120664554 $b 12066455

