00887cx  a2200241   4500
001 300527
003 http://catalogue.bnf.fr/ark:/12148/cb12315894r
005 20240507072445.0
033    $a http://catalogue.bnf.fr/ark:/12148/cb12315894r
035    $a FRBNF12315894X
039    $o OPL $a 009011603
100    $a 19930617afrey50      ba0
106    $a 211
152    $b GENRE/FORM $c 2
159    $a rameau
180    $a b
280  0 $7 ba0yba0y $8 fre    $9     $a Concertos (violon et violoncelle)
580  0 $5 g $3 12315901 $7 ba0yba0y $8 fre    $9     $a Violon, violoncelle et orchestre
686    $a 780 $c Musique $2 Note de regroupement par domaine
801    $a FR $b FR-751131015 $c 20120103
822 12 $a Concertos (violon et violoncelle) $2 RVMLaval $d 2012-01-03
822 1  $a Concertos (Violin and violoncello) $2 LCSH $u http://id.loc.gov/authorities/subjects/sh85030537 $d 2017-02-09
999    $a FRBNF12315894X $b 12315894

