00947cx  a2200253   4500
001 300679
003 http://catalogue.bnf.fr/ark:/12148/cb12530451x
005 20240507074511.0
033    $a http://catalogue.bnf.fr/ark:/12148/cb12530451x
035    $a FRBNF125304510
039    $o OPL $a 012766626
100    $a 19960918afrey50      ba0
106    $a 211
152    $b GENRE/FORM $c 2
159    $a rameau
180    $a b
280  0 $7 ba0yba0y $8 fre    $9     $a Rondos (violon et piano)
550    $5 g $3 16972798 $7 ba0yba0y $8 fre    $9     $a Rondos ([distributions instrumentales])
580  0 $5 g $3 12289237 $7 ba0yba0y $8 fre    $9     $a Violon et piano, Musique de
686    $a 780 $c Musique $2 Note de regroupement par domaine
801    $a FR $b FR-751131015 $c 20141112
822 12 $a Rondos (violon et piano) $2 RVMLaval $d 2014-11-12
822 1  $a Rondos (Violin and piano) $2 LCSH $u http://id.loc.gov/authorities/subjects/sh85115294 $d 2017-02-09
999    $a FRBNF125304510 $b 12530451

