01319cx  a2200313   4500
001 300830
003 http://catalogue.bnf.fr/ark:/12148/cb125066023
005 20240517061338.0
033    $a http://catalogue.bnf.fr/ark:/12148/cb125066023
035    $a FRBNF125066023
039    $o OPL $a 012379597
100    $a 19960321afrey50      ba0
106    $a 211
152    $b SNC $c 2
159    $a rameau
250    $7 ba0yba0y $8 fre    $9     $a Chorales d'enfants
450    $7 ba0yba0y $8 fre    $9   2 $a Choeurs d'enfants
450    $7 ba0yba0y $8 fre    $9     $a Chorales enfantines
450    $7 ba0yba0y $8 fre    $9     $a Enfants, Chorales d'
450    $7 ba0yba0y $8 fre    $9     $a Petits chanteurs
550    $5 z $0 Voir aussi $3 12397134 $7 ba0yba0y $8 fre    $9     $a Enfants musiciens
550    $5 z $0 Voir aussi $3 13318910 $7 ba0yba0y $8 fre    $9     $a Maîtrises $x chorales
550    $5 z $0 Voir aussi $3 11932561 $7 ba0yba0y $8 fre    $9     $a Musique $x Étude et enseignement pour la jeunesse
550    $5 g $3 11957025 $7 ba0yba0y $8 fre    $9     $a Chorales
686    $a 300 $c Sciences sociales $2 Note de regroupement par domaine
686    $a 780 $c Musique $2 Note de regroupement par domaine
801    $a FR $b FR-751131015 $c 20120406
822 1  $a Children's choirs $2 LCSH $u http://id.loc.gov/authorities/subjects/sh89002559 $d 2017-02-09
999    $a FRBNF125066023 $b 12506602

