01692cx  a2200337   4500
001 301004
003 http://catalogue.bnf.fr/ark:/12148/cb13940179h
005 20240512075706.0
010    $a 0000000063092564 $2 ISNI $d 20160216
033    $a http://catalogue.bnf.fr/ark:/12148/cb13940179h
035    $a FRBNF139401791
039    $o OPP $a 14822741 $d 20060502
039    $o OPP $a 13792285 $d 20060502
039    $o OPP $a 13822288 $d 20060502
100    $a 19910704afrey50      ba0
102    $a US
103    $a  19050824  19740328 
105    $a a $a i $a p
106    $a 1  
120    $a b
152    $c 2 $b NP
200    $7 ba0yba0y $8 fre    $9  0  $a Crudup $b Arthur $f 1905-1974
300 0  $a Chanteur et guitariste de blues. - Connu aussi sous les pseusdonymes : Arthur Crump, Art Crudux et Elmer James
301    $a Forest (Mississipi, États-Unis) $b Nassawadox (Virginie, États-Unis)
400    $7 ba0yba0y $8 fre    $9     $a Crudup $b Arthur Big Boy $f 1905-1974
400    $7 ba0yba0y $8 fre    $9     $a Crudup $b Big Boy $f 1905-1974
801    $a FR $b FR-751131015 $c 20151219
810    $a This blues roots of Elvis Presley [Enregistrement sonore] : twenty one original blues, folk and conuntry songs which inspired by the King / Leon Payne, Arthur Crudup, Bill Monroe, chant... [et al.]. Complete blues SBLUECD044 $a Surprise-partie [Enregistrement sonore] / Leslie Lewis et son orchestre ; Louis Prima, Arthur "Big Boy" Crudup, chant... [et al.]. Sélection du Reader's Digest musique 95005-3
810    $a Blues WW, 1991 $a VIAF - http://viaf.org/viaf/24791527/#Crudup,_Big_Boy,_1905-1974 (2015-12-19)
856    $u http://viaf.org/viaf/24791527/#Crudup,_Big_Boy,_1905-1974 $e 2015-12-19
999    $a FRBNF139401791 $b 13940179

