01088cx  a2200313   4500
001 301250
003 http://catalogue.bnf.fr/ark:/12148/cb120355599
005 20240516062436.0
010    $a 0000000121236264 $2 VIAF $d 20130724
033    $a http://catalogue.bnf.fr/ark:/12148/cb120355599
035    $a FRBNF120355593
039    $o OPL $a 003195281
100    $a 19850101afrey50      ba0
101    $a dut
102    $a NL
103    $a  19180628  19960609 
105    $a a
106    $a 010
120    $a b
152    $c 2 $b NP
200    $7 ba0yba0y $8 fre    $9  0  $a Schierbeek $b Bert $f 1918-1996
300    $a Romancier, poète
686    $a 800 $c Histoire et critique littéraires $2 Note de regroupement par domaine
801    $a FR $b FR-751131015 $c 20021122
810    $a Formentera / B. Schierbeek, 1990 $a Bert en het beeld / [red. en samenst.] Karin Evers, cop. 2000
810    $a Bibliothèque royale, Pays-Bas - http://www.kb.nl (2002-06-13) $a Kritisch literatuur lexicon, 1980-
810    $a BN Service néerlandais
856    $u http://www.kb.nl $e 2002-06-13
999    $a FRBNF120355593 $b 12035559

