01069cx  a2200289   4500
001 301427
003 http://catalogue.bnf.fr/ark:/12148/cb16702740v
005 20240508021255.0
010    $a 0000000368558409 $2 ISNI $d 20170818
033    $a http://catalogue.bnf.fr/ark:/12148/cb16702740v
035    $a FRBNF167027404
100    $a 20130805afrey50      ba0
102    $a US
103    $a  19690705           
105    $a i
106    $a 1  
120    $a b
152    $c 2 $b NP
200    $7 ba0yba0y $8 fre    $9  0  $a Bobby Digital $f 1969-....
300 0  $a Connu aussi spus le pseudonyme de : RZA
400    $5 e $7 ba0yba0y $8 fre    $9     $a Digital $b Bobby $f 1969-....
500    $5 z $0 Voir aussi $3 13982896 $7 ba0yba0y $8 fre    $9  0  $a RZA $f 1969-....
801    $a FR $b FR-751131015 $c 20150813
810    $a Bobby Digital presents Northstar [Enregistrement sonore]. Koch records 0153522KOC
810    $a Discogs - http://www.discogs.com/artist/390896-Bobby-Digital (2015-08-13)
856    $u http://www.discogs.com/artist/390896-Bobby-Digital $e 2015-08-13
999    $a FRBNF167027404 $b 16702740

