00958cx  a2200277   4500
001 301576
003 http://catalogue.bnf.fr/ark:/12148/cb14228260t
005 20240509064516.0
010    $a 0000000049889374 $2 ISNI $d 20170818
033    $a http://catalogue.bnf.fr/ark:/12148/cb14228260t
035    $a FRBNF142282607
100    $a 20030310afrey50      ba0
102    $a US
103    $a  1889      1951     
105    $a i
106    $a 1  
120    $a b
152    $c 2 $b NP
200    $7 ba0yba0y $8 fre    $9  0  $a Smith $b Jack $f 1889-1951
300 0  $a Artiste lyrique (baryton)
400    $5 e $7 ba0yba0y $8 fre    $9     $a Smith $b Whispering Jack $f 1889-1951
801    $a FR $b FR-751131015 $c 20101213
810    $a Clap yo' hands [Enregistrement sonore] / Jack Smith, BAR. His Master's Voice 2564
810    $a Library of Congress authorities - http://authorities.loc.gov (2010-10-14)
856    $u http://authorities.loc.gov $e 2010-10-14
999    $a FRBNF142282607 $b 14228260

