01062cx  a2200265   4500
001 301777
003 http://catalogue.bnf.fr/ark:/12148/cb138994661
005 20240517025816.0
010    $a 0000000110426011 $2 VIAF $d 20130731
033    $a http://catalogue.bnf.fr/ark:/12148/cb138994661
035    $a FRBNF138994666
100    $a 19890601afrey50      ba0
102    $a US
103    $a  19321110  20080209 
105    $a i
106    $a 010
120    $a b
152    $c 2 $b NP
200    $7 ba0yba0y $8 fre    $9  0  $a Scheider $b Roy $f 1932-2008
300    $a Acteur de cinéma. - Producteur
801    $a FR $b FR-751131015 $c 20161108
810    $a Les dents de la mer [Images animées] / Steven Spielberg, réal. ; Peter Benchley, aut. adapté, scénario ; Carl Gottlieb, scénario ; John Williams, comp. ; Roy Scheider, Robert Shaw, Richard Dreyfuss... [et al.], act.. - [Paris] : Universal pictures video France [éd., distrib.], [DL 2012].
810    $a IMDb - http://www.imdb.com (2016-11-08)
856    $u http://www.imdb.com $e 2016-11-08
999    $a FRBNF138994666 $b 13899466

