01369cx  a2200325   4500
001 301953
003 http://catalogue.bnf.fr/ark:/12148/cb138954422
005 20240511073713.0
010    $a 0000000119373227 $2 ISNI $d 20150312
010    $y 0000000119365702 $2 VIAF $d 20130731
033    $a http://catalogue.bnf.fr/ark:/12148/cb138954422
035    $a FRBNF138954426
039    $o OPP $a 14684235 $d 20070720
100    $a 19890601afrey50      ba0
102    $a US
103    $a  19240810  20140531 
105    $a i $a a
106    $a 010
120    $a a
152    $c 2 $b NP
200    $7 ba0yba0y $8 fre    $9  0  $a Hyer $b Martha $f 1924-2014
300    $a Actrice. - Scénariste
400    $7 ba0yba0y $8 fre    $9     $a Hyer Wallis $b Martha $f 1924-2014
400    $7 ba0yba0y $8 fre    $9     $a Julien $b Martin $f 1924-2014
400    $7 ba0yba0y $8 fre    $9     $a Martin $b Julien $f 1924-2014
801    $a FR $b FR-751131015 $c 20151109
810    $a Le crépuscule sanglant [Images animées] / Jack Arnold, réal. ; Robert Bré, adapt. ; Lewis B. Patten, aut. adapté. ; Terry Gilkyson, Hans J. Salter, comp. ; Rory Calhoun, Martha Hyer, Dean Jagger, Robert Middleton... [et al.], act.. - Paris : MPM productions [éd.] ; Paris : MPM productions [distrib.], 1992 (DL).
810    $a IMDB - http://www.imdb.com (2015-11-09)
856    $u http://www.imdb.com/ $e 2015-11-09
999    $a FRBNF138954426 $b 13895442

