01314cx  a2200325   4500
001 302127
003 http://catalogue.bnf.fr/ark:/12148/cb13478706n
005 20240514065550.0
010    $a 0000000118218567 $2 VIAF $d 20130730
033    $a http://catalogue.bnf.fr/ark:/12148/cb13478706n
035    $a FRBNF134787061
039    $o OPL $a 013600162
100    $a 19971210afrey50      ba0
101    $a eng
102    $a GB
103    $a  19461224           
105    $a a
106    $a 1  
120    $a b
152    $c 2 $b NP
200    $7 ba0yba0y $8 fre    $9  0  $a Carpenter $b David $f 1946-....
300 0  $a Médiéviste, spécialiste de la Grande-Bretagne au Moyen Âge. - Professeur d'histoire médiévale : King's College, Londres, GB (en 2020)
400    $7 ba0yba0y $8 fre    $9     $a Carpenter $b David A. $f 1946-....
400    $7 ba0yba0y $8 fre    $9     $a Carpenter $b D. A. $f 1946-....
400    $7 ba0yba0y $8 fre    $9     $a Carpenter $b David Arscott $f 1946-....
801    $a FR $b FR-751131015 $c 20220804
810    $a The reign of Henry III / D. A. Carpenter, 1996
810    $a BLNA, 1999-12 : Carpenter, D. A. $a LC Authorities : Carpenter, David (David A.) - http://id.loc.gov/authorities/names/n90660100 (2022-08-04)
856    $u http://id.loc.gov/authorities/names/n90660100 $e 2022-08-04
999    $a FRBNF134787061 $b 13478706

