00921cx  a2200253   4500
001 302277
003 http://catalogue.bnf.fr/ark:/12148/cb141196796
005 20240516073844.0
010    $a 000000007712810X $2 VIAF $d 20130801
033    $a http://catalogue.bnf.fr/ark:/12148/cb141196796
035    $a FRBNF141196799
100    $a 20030310afrey50      ba0
102    $a FR
103    $a  19..               
105    $a a
106    $a 1  
120    $a b
200    $7 ba0yba0y $8 fre    $9  0  $a Barbet-Massin $b Geoffroy
300 0  $a Réalisateur
400    $7 ba0yba0y $8 fre    $9     $a Massin $b Geoffroy Barbet-
801    $a FR $b FR-751131015 $c 20100511
810    $a La chute de l'ange / Geoffroy Barbet-Massin, réal. In Résolument animés [Images animées].  Ministère des affaires étrangères, Direction générale de la coopération internationale et du développement, [2009]
999    $a FRBNF141196799 $b 14119679
152    $b NP

