00970cx  a2200253   4500
001 302423
003 http://catalogue.bnf.fr/ark:/12148/cb16746222b
005 20240518020105.0
033    $a http://catalogue.bnf.fr/ark:/12148/cb16746222b
035    $a FRBNF167462221
100    $a 20140303afrey50      ba0
101    $a fre
102    $a FR
105    $a a
106    $a 1  
120    $a b
200    $7 ba0yba0y $8 fre    $9  0  $a César $b Franck
300 0  $a Associé et directeur général du cabinet de conseil Will be group (en 2013)
801    $a FR $b FR-751131015 $c 20140310
810    $a Le contract management : performance contractuelle, renégociations, claims, comment sauvegarder et accroître les marges / Alain Brunet et Franck César, DL 2013
810    $a Will be group - http://www.willbegroup.com/fr/a34-franck-cesar.html (2014-03-10)
856    $u http://www.willbegroup.com/fr/a34-franck-cesar.html $e 2014-03-10
999    $a FRBNF167462221 $b 16746222
152    $b NP

