01121cx  a2200289   4500
001 302566
003 http://catalogue.bnf.fr/ark:/12148/cb14239890v
005 20240516021817.0
010    $a 0000000122785994 $2 VIAF $d 20130801
033    $a http://catalogue.bnf.fr/ark:/12148/cb14239890v
035    $a FRBNF142398907
039    $o OPP $a 14239855 $d 20150908
100    $a 20030310afrey50      ba0
102    $a US
103    $a  19280511  19711212 
105    $a i
106    $a 1  
120    $a b
152    $c 2 $b NP
200    $7 ba0yba0y $8 fre    $9  0  $a Wolff $b Frank $f 1928-1971
300 0  $a Comédien
301    $a San Francisco (Calififornie, États-Unis) $b Rome (Italie)
801    $a FR $b FR-751131015 $c 20220523
810    $a La bête de la caverne hantée [Images animées] / Monte Hellman, réal. ; Michael Forest, Sheila Carol, Franck Wolff... [et al.], act. Bach films, [2005]
810    $a IMDb : Frank Wolff (I) - https://www.imdb.com/name/nm0938231/?ref_=fn_al_nm_1 (2006-03-15) (2022-05-23)
856    $u https://www.imdb.com/name/nm0938231/?ref_=fn_al_nm_1 $e 2006-03-15 $e 2022-05-23
999    $a FRBNF142398907 $b 14239890

