00783cx  a2200253   4500
001 302691
003 http://catalogue.bnf.fr/ark:/12148/cb13998717k
005 20240506071417.0
010    $a 0000000055156839 $2 VIAF $d 20130731
033    $a http://catalogue.bnf.fr/ark:/12148/cb13998717k
035    $a FRBNF139987176
100    $a 19970206afrey50      ba0
102    $a CZ
103    $a  19700927           
105    $a i
106    $a 1  
120    $a a
152    $c 2 $b NP
200    $7 ba0yba0y $8 fre    $9  0  $a Bousková $b Jana $f 1970-....
300 0  $a Harpiste. - Professeur au Conservatoire de Prague (en 1993)
801    $a FR $b FR-751131015 $c 20051024
810    $a Concertos for harp and orchestra. 1. - Clarton CQ00182
810    $a Int WWM, 2000-2001
999    $a FRBNF139987176 $b 13998717

