01308cx  a2200277   4500
001 302826
003 http://catalogue.bnf.fr/ark:/12148/cb14041262w
005 20240512031443.0
010    $a 0000000055175239 $2 VIAF $d 20131025
033    $a http://catalogue.bnf.fr/ark:/12148/cb14041262w
035    $a FRBNF140412621
100    $a 20010614afrey50      ba0
102    $a FR
103    $a  1976               
105    $a a $a i
106    $a 1  
120    $a b
200    $7 ba0yba0y $8 fre    $9  0  $a Booster $f 1976-....
300 0  $a Musicien de jazz électronique, compositeur. - Pseudonyme d'Olivier Armbruster
500    $5 z $0 Voir aussi $3 16552856 $7 ba0yba0y $8 fre    $9  0  $a Armbruster $b Olivier $f 1976-....
801    $a FR $b FR-751131015 $c 20111124
810    $a Loop in release [Enregistrement sonore] / Booster, synth., guit. ; Nicolas Gueguen, org. électr. ; Thibault Renard, trp, cor... [et al.]. Blue note 72435315762 $a Mario meets Malia [Musique imprimée] : [chanson pour une voix et clavier avec grilles d'accords] / paroles, Malia Chamley ; musique, Olivier Armbruster dit Booster. Universal music publishing, 2004
810    $a Jazz magazine, 515, 2001 $a Booster - http://www.boosterized.com (2011-11-24)
856    $u http://www.boosterized.com/ $e 2011-11-24
999    $a FRBNF140412621 $b 14041262
152    $b NP

