00850cx  a2200265   4500
001 302970
003 http://catalogue.bnf.fr/ark:/12148/cb141340354
005 20240512041452.0
010    $a 0000000114680850 $2 VIAF $d 20130801
033    $a http://catalogue.bnf.fr/ark:/12148/cb141340354
035    $a FRBNF141340356
100    $a 20030310afrey50      ba0
102    $a DE
103    $a  19750610           
105    $a a
106    $a 1  
120    $a b
152    $c 2 $b NP
200    $7 ba0yba0y $8 fre    $9  0  $a Ruhland $b Marius $f 1975-....
300 0  $a Compositeur
801    $a FR $b FR-751131015 $c 20080306
810    $a Anatomie [Images animées] / Stefan Ruzowitzki, réal. Gaumont Columbia Tristar home vidéo, cop. 2000
810    $a IMDB - http://us.imdb.com (2008-03-06)
856    $u http://us.imdb.com $e 2008-03-06
999    $a FRBNF141340356 $b 14134035

