01832cx  a2200337   4500
001 303121
003 http://catalogue.bnf.fr/ark:/12148/cb169509451
005 20240513024049.0
033    $a http://catalogue.bnf.fr/ark:/12148/cb169509451
035    $a FRBNF169509456
100    $a 20150309afrey50      ba0
102    $a FR
103    $a  1978               
105    $a i
106    $a 1  
120    $a b
200    $7 ba0yba0y $8 fre    $9  0  $a Klash $b Roman $f 1978-....
300 0  $a Disc-jockey. - Utilise aussi les pseudonymes :  Bass Drummer, Bassdrummer, Ben Mental, Benoit Boutillet, Black's Moon, The, Concervator, DJ Guenot, DJ Max W, Fog System, Funky Tronic, Lady Darkside, Max Walder, Maxime Wattel, Phantom Power, Relic, Roberto Narlito, Rotor, Tribal Connection
500    $5 z $0 Voir aussi $3 16950949 $7 ba0yba0y $8 fre    $9  0  $a Lady Darkside $f 1978-....
500    $5 z $0 Voir aussi $3 16953108 $7 ba0yba0y $8 fre    $9  0  $a Fog system $f 1978-....
500    $5 z $0 Voir aussi $3 16953106 $7 ba0yba0y $8 fre    $9  0  $a DJ Guenot $f 1978-....
500    $5 z $0 Voir aussi $3 16953104 $7 ba0yba0y $8 fre    $9  0  $a Funky tronic $f 1978-....
500    $5 z $0 Voir aussi $3 16953097 $7 ba0yba0y $8 fre    $9  0  $a DJ Max W $f 1978-....
500    $5 z $0 Voir aussi $3 16953087 $7 ba0yba0y $8 fre    $9  0  $a Kickerz $f 1978-....
500    $5 z $0 Voir aussi $3 15071261 $7 ba0yba0y $8 fre    $9  0  $a Boutillet $b Benoit $f 1978-....
801    $a FR $b FR-751131015 $c 20150317
810    $a Complexe Cap'tain [Enregistrement sonore] : 15 years / Roman Klash, Lady Darkside, Chicago zone... [et al.], disc-jockeys. - [Belgique] : Kytezo ; [France] : [distrib. Believe], [DL 2014].
810    $a Discogs - http://www.discogs.com/artist/1113000-Roman-Klash (2015-03-09)
856    $u http://www.discogs.com/artist/1113000-Roman-Klash $e 2015-03-09
999    $a FRBNF169509456 $b 16950945
152    $b NP

