00969cx  a2200301   4500
001 303271
003 http://catalogue.bnf.fr/ark:/12148/cb13893811d
005 20240513054335.0
010    $a 0000000109898345 $2 VIAF $d 20130731
033    $a http://catalogue.bnf.fr/ark:/12148/cb13893811d
035    $a FRBNF138938112
039    $o OPP $a 13824618 $d 20110518
039    $o OPP $a 13794894 $d 20110427
100    $a 19890601afrey50      ba0
102    $a IT
103    $a  19020721  19790803 
105    $a a $a i
106    $a 1  
120    $a b
152    $c 2 $b NP
200    $7 ba0yba0y $8 fre    $9  0  $a Fasano $b Renato $f 1902-1979
300 0  $a Compositeur et chef d'orchestre
301    $a Naples $b Rome
510    $5 xxxz $0 Dirige :  $3 13902602 $7 ba0yba0y $8 fre    $9 20  $a I Virtuosi di Roma
801    $a FR $b FR-751131015 $c 20110518
810    $a La serva padrona [Enregistrement sonore] / ... R. Fasano, dir. Carrère-Ricordi 94015
810    $a Grove
999    $a FRBNF138938112 $b 13893811

