00886cx  a2200265   4500
001 303448
003 http://catalogue.bnf.fr/ark:/12148/cb15548232n
005 20240513061355.0
010    $a 0000000118712784 $2 VIAF $d 20130806
033    $a http://catalogue.bnf.fr/ark:/12148/cb15548232n
035    $a FRBNF15548232X
100    $a 20070713afrey50      ba0
102    $a US
103    $a  19300103           
105    $a i
106    $a 1  
120    $a a
152    $c 2 $b NP
200    $7 ba0yba0y $8 fre    $9  0  $a Corday $b Mara $f 1930-....
300 0  $a Comédienne
801    $a FR $b FR-751131015 $c 20070906
810    $a Tarantula ! [Images animées] / Jack Arnold, réal. ; Robert M. Fresco, idée orig. ; Mara Corday, act. Bach films, [2007]
810    $a Internet movie database - http://us.imdb.com (2007-07-13)
856    $u http://us.imdb.com $e 2007-07-13
999    $a FRBNF15548232X $b 15548232

