00739cx  a2200253   4500
001 303643
003 http://catalogue.bnf.fr/ark:/12148/cb11924816t
005 20240513063609.0
010    $a 0000000023033420 $2 VIAF $d 20130724
033    $a http://catalogue.bnf.fr/ark:/12148/cb11924816t
035    $a FRBNF119248167
039    $o OPL $a 001362632
100    $a 19820407afrey50      ba0
101    $a fre
102    $a FR
103    $a  1956    ?          
105    $a a
106    $a 1  
200    $7 ba0yba0y $8 fre    $9  0  $a Simon $b Catherine $f 1956?-.... $c journaliste
300 0  $a Journaliste
801    $a FR $b FR-751131015 $c 20010406
810    $a Syndicalisme au féminin / Catherine Simon, 1981
999    $a FRBNF119248167 $b 11924816
152    $b NP

