01115cx  a2200265   4500
001 303793
003 http://catalogue.bnf.fr/ark:/12148/cb140101664
005 20240513071719.0
010    $a 0000000109045529 $2 VIAF $d 20130801
033    $a http://catalogue.bnf.fr/ark:/12148/cb140101664
035    $a FRBNF14010166X
100    $a 19980331afrey50      ba0
102    $a US
103    $a  19700626           
105    $a i
106    $a 010
120    $a b
152    $c 2 $b NP
200    $7 ba0yba0y $8 fre    $9  0  $a O'Donnell $b Chris $f 1970-....
300    $a Acteur, réalisateur et producteur
801    $a FR $b FR-751131015 $c 20210823
810    $a NCIS : Los Angeles. Saison 4 [Images animées] / Shane Brennan, idée orig. ; Chris O'Donnell, LL Col J, Daniela Ruah... [et al.], act.. - [Boulogne-Billancourt] : Paramount home entertainment France [éd., distrib.], cop. 2014.
810    $a IMDb : Chris O'Donnell (I) - https://www.imdb.com/name/nm0000563/?ref_=fn_al_nm_1 (2006-05-17) (2021-03-09)
856    $u https://www.imdb.com/name/nm0000563/?ref_=fn_al_nm_1 $e 2006-05-17 $e 2021-03-09
999    $a FRBNF14010166X $b 14010166

