01184cx  a2200301   4500
001 303943
003 http://catalogue.bnf.fr/ark:/12148/cb12517611h
005 20240513075231.0
033    $a http://catalogue.bnf.fr/ark:/12148/cb12517611h
035    $a FRBNF125176110
039    $o OPL $a 012598840
100    $a 19960617afrey50      ba0
106    $a 211
152    $b SNC $c 2
159    $a rameau
250    $7 ba0yba0y $8 fre    $9     $a Krach boursier (1929)
450    $7 ba0yba0y $8 fre    $9     $a Crise boursière (1929)
450    $7 ba0yba0y $8 fre    $9     $a Jeudi noir (1929)
450    $7 ba0yba0y $8 fre    $9     $a Krach d'octobre 1929
450    $7 ba0yba0y $8 fre    $9     $a Mardi noir (1929)
550    $5 g $3 12074245 $7 ba0yba0y $8 fre    $9     $a Crises financières
550    $5 g $3 11937041 $7 ba0yba0y $8 fre    $9     $a Crise économique (1929)
686    $a 330 $c Economie $2 Note de regroupement par domaine
801    $a FR $b FR-751131015 $c 20001110
810    $a Lex. de banque et bourse Dalloz, 1990
822 12 $a Krach boursier (1929) $2 RVMLaval $d 2000-11-10
822 1  $a Stock Market Crash, 1929 $2 LCSH $u http://id.loc.gov/authorities/subjects/sh96001966 $d 2017-02-09
999    $a FRBNF125176110 $b 12517611

