00939cx  a2200277   4500
001 304079
003 http://catalogue.bnf.fr/ark:/12148/cb141968848
005 20240514074514.0
033    $a http://catalogue.bnf.fr/ark:/12148/cb141968848
035    $a FRBNF141968845
039    $o OPP $a 14766190 $d 20150825
100    $a 20030310afrey50      ba0
102    $a FR
103    $a  19..      ....     
105    $a i $a a
106    $a 1  
120    $a b
200    $7 ba0yba0y $8 fre    $9  0  $a Launay $b Jack
300 0  $a Auteur, compositeur, interprète
510    $5 g $5 g $3 16624262 $7 ba0yba0y $8 fre    $9 20  $a Folklore culture et traditions
801    $a FR $b FR-751131015 $c 20150825
810    $a La route aux quatre vents [Enregistrement sonore] / Jack Launay. FCT 0392
810    $a Encyclopédisque - http://www.encyclopedisque.fr (2015-08-25)
856    $u http://www.encyclopedisque.fr $e 2015-08-25
999    $a FRBNF141968845 $b 14196884
152    $b NP

