01081cx  a2200289   4500
001 304250
003 http://catalogue.bnf.fr/ark:/12148/cb145427046
005 20240515024520.0
010    $a 0000000374678968 $2 ISNI $d 20160216
033    $a http://catalogue.bnf.fr/ark:/12148/cb145427046
035    $a FRBNF145427043
100    $a 20040507afrey50      ba0
101    $a fre
102    $a FR
103    $a  19240831  20140105 
105    $a a
106    $a 1  
120    $a b
200    $7 ba0yba0y $8 fre    $9  0  $a Ribière $b Maurice $f 1924-2014
300 0  $a Licencié en droit. - Ingénieur de l'Institut électro-technique de Grenoble (en 2003)
301    $a Bugeat (Corrèze) $b Limoges (Haute-Vienne)
801    $a FR $b FR-751131015 $c 20240110
810    $a Histoire de la distribution d'électricité à Elbeuf / Pierre Largesse, Maurice Ribière, Bénédicte Rigou, 2003
810    $a INSEE, Fichier des décès - https://deces.matchid.io/id/KM6Mh_XvRyNa (2024-01-10)
856    $u https://deces.matchid.io/id/KM6Mh_XvRyNa $e 2024-01-10
999    $a FRBNF145427043 $b 14542704
152    $b NP

