01474cx  a2200313   4500
001 304381
003 http://catalogue.bnf.fr/ark:/12148/cb139468776
005 20240515032649.0
010    $a 0000000059303883 $2 ISNI $d 20170201
033    $a http://catalogue.bnf.fr/ark:/12148/cb139468776
035    $a FRBNF139468772
039    $o OPP $a 14693581 $d 20191217
100    $a 19920525afrey50      ba0
101    $a eng
102    $a US
103    $a  19031102  19780123 
105    $a i
106    $a 010
120    $a b
152    $c 2 $b NP
200    $7 ba0yba0y $8 fre    $9  0  $a Oakie $b Jack $f 1903-1978
300    $a Acteur de cinéma
301    $a Queen City of the Prairie (Oklaoma, États-Unis)
686    $a 791 $c Audiovisuel $2 Note de regroupement par domaine
801    $a FR $b FR-751131015 $c 20191217
810    $a Charles Chaplin [Multimédia multisupport] / Bernard Canetti, dir. publ. ; Charles Chaplin (Hynkel, Dictateur de Tomainia, Barbier juif), Paulette Goddard (Hannah), Jack Oakie (Napoloni, Dictateur de Bacteria), Henry Daniell (Garbitsch)... [et al.], act.. - Evreux : Éditions Atlas ; Paris : distrib. Nouvelles messageries de la presse parisienne, 1991 (cop.).
810    $a Kinkle $a MacMillan, 1994 $a VIAF - http://viaf.org/viaf/37107311 (2016-12-27) $a IMDb : Jack Oakie (I) - https://www.imdb.com/name/nm0642988 (2019-12-17)
856    $u http://viaf.org/viaf/37107311 $e 2016-12-27 $u https://www.imdb.com/name/nm0642988/ $e 2019-12-17
999    $a FRBNF139468772 $b 13946877

