01218cx  a2200301   4500
001 304529
003 http://catalogue.bnf.fr/ark:/12148/cb139303206
005 20240516022013.0
010    $a 0000000114741270 $2 VIAF $d 20130731
033    $a http://catalogue.bnf.fr/ark:/12148/cb139303206
035    $a FRBNF139303201
100    $a 19901012afrey50      ba0
102    $a BR
103    $a  19460207  20160713 
105    $a a $a p
106    $a 010
120    $a b
152    $c 2 $b NP
200    $7 ba0yba0y $8 fre    $9  0  $a Babenco $b Hector $f 1946-2016
300    $a Metteur en scène et réalisateur de films
301    $a Mar del Plata (Argentine) $b Sao Paulo (Brésil)
530    $5 z $0 Réalisateur de :  $3 17794668 $a Kiss of the spider woman (film)
530    $5 z $0 Réalisateur de :  $3 15529746 $a Pixote, a lei do mais fraco (film)
801    $a FR $b FR-751131015 $c 20160719
810    $a Le baiser de la femme araignée [Images animées] / Hector Babenco, réal. CBS Fox, [1986]
810    $a Dictionnaire du cinéma / sous la dir. de Jean-Loup Passek $a Wikipédia - https://fr.wikipedia.org/wiki/Mar_del_Plata (2016-07-19)
856    $u https://fr.wikipedia.org/wiki/Mar_del_Plata   $e 2016-07-19
999    $a FRBNF139303201 $b 13930320

