01360cx  a2200361   4500
001 304673
003 http://catalogue.bnf.fr/ark:/12148/cb14064449c
005 20240517035831.0
010    $a 0000000121439774 $2 ISNI $d 20131217
033    $a http://catalogue.bnf.fr/ark:/12148/cb14064449c
035    $a FRBNF140644491
039    $o OPP $a 14691262 $d 20060523
039    $o OPP $a 14036858 $d 20060523
039    $o OPP $a 14206198 $d 20130919
039    $o OPP $a 14160283 $d 20200115
100    $a 19980514afrey50      ba0
101    $a eng
102    $a US
103    $a  19071116  19970909 
105    $a a $a i
106    $a 010
120    $a b
152    $c 2 $b NP
200    $7 ba0yba0y $8 fre    $9  0  $a Meredith $b Burgess $f 1907-1997
300    $a Acteur. - Réalisateur et scénariste
301    $a Cleveland (Ohio, États-Unis) $b Malibu (Californie, États-Unis)
530    $5 z $0 Réalisateur de :  $3 14663860 $a The man on the Eiffel Tower (film)
686    $a 791 $c Audiovisuel $2 Note de regroupement par domaine
801    $a FR $b FR-751131015 $c 20200121
810    $a Time exposure : William Henry Jackson picture maker of the old west / Kay Eldredge, aut. du texte ; Burgess Meredith, Lowell Thomas, voix. Crystal production, cop. 1979
810    $a IMDb - http://www.imdb.com (2020-01-15)
856    $u http://www.imdb.com $e 2020-01-15
999    $a FRBNF140644491 $b 14064449

