01029cx  a2200265   4500
001 304821
003 http://catalogue.bnf.fr/ark:/12148/cb16568030z
005 20240517031016.0
010    $a 0000000366924620 $2 VIAF $d 20130808
033    $a http://catalogue.bnf.fr/ark:/12148/cb16568030z
035    $a FRBNF165680303
100    $a 20120126afrey50      ba0
102    $a RO
103    $a  19990409           
105    $a i
106    $a 1  
120    $a a
152    $c 2 $b NP
200    $7 ba0yba0y $8 fre    $9  0  $a Vartolomei $b Anamaria $f 1999-....
300 0  $a Actrice de cinéma
801    $a FR $b FR-751131015 $c 20230308
810    $a My little princess [Images animées] / Eva Ionesco, réal. ; Anamaria Vartolomei, act. Blaq out, [2012]
810    $a Le Parisien - http://www.leparisien.fr (2012-02-09) $a IMDB - https://www.imdb.com/name/nm4422007/?ref_=ttfc_fc_cl_t1 (2023-03-08)
856    $u http://www.leparisien.fr/ $e 2012-02-09 $u https://www.imdb.com/name/nm4422007/?ref_=ttfc_fc_cl_t1 $e 2023-03-08
999    $a FRBNF165680303 $b 16568030

