00777cx  a2200241   4500
001 304951
003 http://catalogue.bnf.fr/ark:/12148/cb14016415h
005 20240519032459.0
010    $a 0000000042077242 $2 ISNI $d 20150312
033    $a http://catalogue.bnf.fr/ark:/12148/cb14016415h
035    $a FRBNF140164154
100    $a 19981127afrey50      ba0
102    $a XX
103    $a  19..               
105    $a i
106    $a 1  
120    $a b
152    $c 2 $b NP
200    $7 ba0yba0y $8 fre    $9  0  $a Trovillo $b George
300 0  $a Pianiste
801    $a FR $b FR-751131015 $c 20140612
810    $a Roberta Peters in recital [Enregistrement sonore] / Bach, Handel, Scarlatti... [et al.], comp. ; George Trovillo, p. RCA-Victor-Red seal LSC2379
999    $a FRBNF140164154 $b 14016415

