01502cx  a2200301   4500
001 305080
003 http://catalogue.bnf.fr/ark:/12148/cb12342954p
005 20240506050302.0
033    $a http://catalogue.bnf.fr/ark:/12148/cb12342954p
035    $a FRBNF123429547
039    $o OPL $a 00935799X
100    $a 19931021afrey50      ba0
106    $a 211
152    $b SNC $c 2
159    $a rameau
250    $7 ba0yba0y $8 fre    $9     $a Télévision et religion
450    $7 ba0yba0y $8 fre    $9     $a Religion et télévision
550    $5 z $0 Voir aussi $3 11933646 $7 ba0yba0y $8 fre    $9     $a Télévision
550    $5 z $0 Voir aussi $3 11978444 $7 ba0yba0y $8 fre    $9     $a Télévision dans la communication religieuse
550    $5 g $3 11957185 $7 ba0yba0y $8 fre    $9     $a Médias et religion
580  0 $5 h $3 11951733 $7 ba0yba0y $8 fre    $9     $a Émissions télévisées religieuses
686    $a 200 $c Religion (ouvrages généraux et comparatifs) $2 Note de regroupement par domaine
686    $a 791 $c Audiovisuel $2 Note de regroupement par domaine
801    $a FR $b FR-751131015 $c 20151221
810    $a Le cinéma, la radio, la télévision : Encyclique "Miranda prorsus" : 8 septembre 1957 / Pie XII, 1958 $a Religion and prime time television / M. Suman, 1997
822 1  $a Television broadcasting--Religious aspects $2 LCSH $u http://id.loc.gov/authorities/subjects/sh85133508 $d 2017-02-09
822 1  $a Television in religion $2 LCSH $u http://id.loc.gov/authorities/subjects/sh85133572 $d 2017-02-09
999    $a FRBNF123429547 $b 12342954

