01036cx  a2200277   4500
001 305269
003 http://catalogue.bnf.fr/ark:/12148/cb16688429f
005 20240507021954.0
010    $a 0000000426648868 $2 ISNI $d 20160217
033    $a http://catalogue.bnf.fr/ark:/12148/cb16688429f
035    $a FRBNF166884294
100    $a 20130606afrey50      ba0
101    $a eng
102    $a XX
103    $a  19..               
105    $a a
106    $a 1  
120    $a b
152    $c 2 $b NP
200    $7 ba0yba0y $8 fre    $9  0  $a Hooper $b Brandon
300 0  $a Acteur, scénariste et producteur
801    $a FR $b FR-751131015 $c 20130905
810    $a Chasing Mavericks [Images animées] / Curtis Hanson, Michael Apted, réal., scénario ; Jim Meenaghan, Brandon Hooper, idée orig. Fox Pathé Europa, [2013]
810    $a IMDb : Brandon Hooper (I) - http://www.imdb.com/name/nm0393714/?ref_=fn_al_nm_1#Writer (2013-09-05)
856    $u http://www.imdb.com/name/nm0393714/?ref_=fn_al_nm_1#Writer $e 2013-09-05
999    $a FRBNF166884294 $b 16688429

