01420cx  a2200313   4500
001 305400
003 http://catalogue.bnf.fr/ark:/12148/cb157826136
005 20240507025312.0
010    $a 0000000002167374 $2 ISNI $d 20150312
010    $y 0000000467060120 $2 ISNI $d 20210602
033    $a http://catalogue.bnf.fr/ark:/12148/cb157826136
035    $a FRBNF157826139
039    $o OPP $a 17946526 $d 20210727
100    $a 20080919afrey50      ba0
102    $a US
103    $a  19760701           
105    $a i
106    $a 1  
120    $a b
152    $c 2 $b NP
200    $7 ba0yba0y $8 fre    $9  0  $a Blake $b Johnathan $f 1976-....
300 0  $a Batteur de jazz. - Compositeur
400    $7 ba0yba0y $8 fre    $9     $a Blake $b Jonathan $f 1976-....
801    $a FR $b FR-751131015 $c 20210727
810    $a Panorama [Enregistrement sonore] / Hans Glawischnig, cb ; Johnathan Blake, Marcus Gilmore, batt. Sunnyside SSC 1179
810    $a Jazz hot - https://www.jazzhot.net/PBCPPlayer.asp?ID=1548089 (2021-07-27) $a All about jazz - https://musicians.allaboutjazz.com/johnathanblake (2021-07-27) $a Discogs - https://www.discogs.com/artist/854056 (2021-07-27)
856    $u http://www.johnathanblake.com/ $e 2008-09-19
856    $u https://www.jazzhot.net/PBCPPlayer.asp?ID=1548089 $e 2021-07-27 $u https://musicians.allaboutjazz.com/johnathanblake $e 2021-07-27 $u https://www.discogs.com/artist/854056 $e 2021-07-27
999    $a FRBNF157826139 $b 15782613

