01020cx  a2200253   4500
001 305638
003 http://catalogue.bnf.fr/ark:/12148/cb156041097
005 20240507041806.0
033    $a http://catalogue.bnf.fr/ark:/12148/cb156041097
035    $a FRBNF156041096
100    $a 20080214afrey50      ba0
106    $a 211
152    $b GENRE/FORM $c 2
159    $a rameau
180    $a b
280  0 $7 ba0yba0y $8 fre    $9     $a Comptines chinoises
580  0 $5 g $3 12259908 $7 ba0yba0y $8 fre    $9     $a Chansons traditionnelles chinoises
580  0 $5 g $3 15674452 $7 ba0yba0y $8 fre    $9     $a Poésie populaire chinoise
686    $a 390 $c Ethnologie, anthropologie, folklore $2 Note de regroupement par domaine
686    $a 780 $c Musique $2 Note de regroupement par domaine
686    $a 800 $c Histoire et critique littéraires $2 Note de regroupement par domaine
801    $a FR $b FR-751131015 $c 20100111
822 1  $a Nursery rhymes, Chinese $2 LCSH $u http://id.loc.gov/authorities/subjects/sh85093328 $d 2017-02-09
999    $a FRBNF156041096 $b 15604109

