00851cx  a2200265   4500
001 305781
003 http://catalogue.bnf.fr/ark:/12148/cb13604967b
005 20240508032543.0
010    $a 0000000032664849 $2 VIAF $d 20130731
033    $a http://catalogue.bnf.fr/ark:/12148/cb13604967b
035    $a FRBNF13604967X
039    $o OPL $a 015315589
100    $a 20010201afrey50      ba0
101    $a eng
102    $a GB
103    $a  19580222           
105    $a a
106    $a 1  
152    $c 2 $b NP
200    $7 ba0yba0y $8 fre    $9  0  $a Payne $b Sarah $f 1958-....
300 0  $a Enseigne la politique sociale à l'université de Bristol, GB (en 1991)
801    $a FR $b FR-751131015 $c 20010305
810    $a Women, health and poverty : an introduction / Sarah Payne, 1991
810    $a BLNA, 2000-12 : Payne, Sarah, 1958-
999    $a FRBNF13604967X $b 13604967

