01193cx  a2200265   4500
001 305940
003 http://catalogue.bnf.fr/ark:/12148/cb146743182
005 20240516055043.0
010    $a 0000000001527307 $2 VIAF $d 20130802
033    $a http://catalogue.bnf.fr/ark:/12148/cb146743182
035    $a FRBNF14674318X
100    $a 20050825afrey50      ba0
102    $a FR
103    $a  19760609           
105    $a i
106    $a 1  
120    $a b
200    $7 ba0yba0y $8 fre    $9  0  $a Corbery $b Loïc $f 1976-....
300 0  $a Acteur et metteur en scène. - Entré à la Comédie-Française en janvier 2005 et sociétaire depuis 2010
801    $a FR $b FR-751131015 $c 20180918
810    $a Il campiello [Spectacle] / mise en scène de Jacques Lassalle,... ; avec Loïc Corbery.- Paris : Comédie-Française, 16 septembre 2006
810    $a Comédie Française - https://www.comedie-francaise.fr/fr/artiste/loic-corbery (2018-09-18) $a Wikipédia - https://fr.wikipedia.org/wiki/Loïc_Corbery (2018-09-18)
856    $u https://www.comedie-francaise.fr/fr/artiste/loic-corbery $e 2018-09-18 $u https://fr.wikipedia.org/wiki/Loïc_Corbery $e 2018-09-18
999    $a FRBNF14674318X $b 14674318
152    $b NP

