00870cx  a2200277   4500
001 306088
003 http://catalogue.bnf.fr/ark:/12148/cb16179174m
005 20240512052546.0
010    $a 0000000077213697 $2 ISNI $d 20150313
033    $a http://catalogue.bnf.fr/ark:/12148/cb16179174m
035    $a FRBNF161791740
100    $a 20100210afrey50      ba0
101    $a fre
102    $a FR
103    $a  1978               
105    $a a
106    $a 1  
120    $a a
200    $7 ba0yba0y $8 fre    $9  0  $a Burger $b Claire $f 1978-....
300 0  $a Réalisatrice, scénariste
801    $a FR $b FR-751131015 $c 20100817
810    $a Forbach [Images animées] / Claire Burger, réal. Festival de Cannes, 2009
810    $a UniFrance - http://www.unifrance.org (2010-02-10)
856    $u http://www.unifrance.org $e 2010-02-10
999    $a FRBNF161791740 $b 16179174
152    $b NP

