01170cx  a2200289   4500
001 306227
003 http://catalogue.bnf.fr/ark:/12148/cb12270813s
005 20240514024030.0
033    $a http://catalogue.bnf.fr/ark:/12148/cb12270813s
035    $a FRBNF122708138
039    $o OPL $a 008450316
100    $a 19921113afrey50      ba0
106    $a 211
152    $b SNC $c 2
159    $a rameau
250    $7 ba0yba0y $8 fre    $9     $a Clubs de rugby
305 1  $a Voir aussi aux noms des clubs de rugby
450    $7 ba0yba0y $8 fre    $9     $a Rugby $x Clubs
550    $5 z $0 Voir aussi $3 11932713 $7 ba0yba0y $8 fre    $9     $a Rugby
550    $5 h $3 17015826 $7 ba0yba0y $8 fre    $9     $a Clubs de rugby $x [Localisations géographiques]
550    $5 g $3 11981707 $7 ba0yba0y $8 fre    $9     $a Clubs sportifs
686    $a 793 $c Jeux $2 Note de regroupement par domaine
801    $a FR $b FR-751131015 $c 20130207
810    $a Fédération française de rugby - http://www.ffr.fr (2013-02-07) $a Le rugby / S. Collinet, 1997
822 1  $a Rugby football teams $2 LCSH $u http://id.loc.gov/authorities/subjects/sh85115743 $d 2017-02-09
856    $u http://www.ffr.fr $e 2013-02-07
999    $a FRBNF122708138 $b 12270813

