01985cx  a2200421   4500
001 306401
003 http://catalogue.bnf.fr/ark:/12148/cb11958177p
005 20240519073957.0
033    $a http://catalogue.bnf.fr/ark:/12148/cb11958177p
035    $a FRBNF119581773
039    $o OPL $a 001873064
100    $a 19850318afrey50      ba0
106    $a 211
152    $b SNC $c 2
159    $a rameau
250    $7 ba0yba0y $8 fre    $9     $a Femmes scientifiques
450    $7 ba0yba0y $8 fre    $9     $a Femmes de science
550    $5 h $3 15085778 $7 ba0yba0y $8 fre    $9     $a Femmes astronomes
550    $5 h $3 13510383 $7 ba0yba0y $8 fre    $9     $a Femmes biologistes
550    $5 h $3 17082992 $7 ba0yba0y $8 fre    $9     $a Femmes cartographes
550    $5 h $3 12011424 $7 ba0yba0y $8 fre    $9     $a Femmes chercheurs
550    $5 h $3 12423480 $7 ba0yba0y $8 fre    $9     $a Femmes chimistes
550    $5 h $3 13620076 $7 ba0yba0y $8 fre    $9     $a Femmes géologues
550    $5 h $3 12433135 $7 ba0yba0y $8 fre    $9     $a Femmes naturalistes
550    $5 h $3 16920786 $7 ba0yba0y $8 fre    $9     $a Femmes scientifiques noires américaines
550    $5 h $3 11977905 $7 ba0yba0y $8 fre    $9     $a Mathématiciennes
550    $5 h $3 11961027 $7 ba0yba0y $8 fre    $9     $a Physiciennes
550    $5 g $3 18100885 $7 ba0yba0y $8 fre    $9     $a Savantes
550    $5 g $3 12385603 $7 ba0yba0y $8 fre    $9     $a Femmes dans les sciences
550    $5 g $3 11932033 $7 ba0yba0y $8 fre    $9     $a Scientifiques
686    $a 300 $c Sciences sociales $2 Note de regroupement par domaine
686    $a 305 $2 Note de regroupement par domaine
686    $a 500 $c Sciences (généralités) $2 Note de regroupement par domaine
801    $a FR $b FR-751131015 $c 20171228
810    $a Histoire des femmes scientifiques de l'Antiquité au XXe siècle : les filles d'Hypatie / É. Sartori, 2006
822 12 $a Women scientists $2 LCSH $u http://id.loc.gov/authorities/subjects/sh85147705 $d 2017-12-27
822 12 $a Femmes scientifiques $2 RVMLaval $d 2017-12-27
999    $a FRBNF119581773 $b 11958177

