01023cx  a2200253   4500
001 306549
003 http://catalogue.bnf.fr/ark:/12148/cb177603968
005 20240509044639.0
033    $a http://catalogue.bnf.fr/ark:/12148/cb177603968
035    $a FRBNF177603962
100    $a 20180917afrey50      ba0
102    $a FR
103    $a  2017               
105    $a i
106    $a 1  
150    $a y $b v8  
210    $7 ba0yba0y $8 fre    $9 20  $a Les Enfants de l'école "La clef des champs" de la Pellerine
300 0  $a Choeur d'enfants
801    $a FR $b FR-751131015 $c 20180917
810    $a Câlins [Multimédia multisupport] / chants, Les Enfants de l'école "La clef des champs" de la Pellerine. Benjamins media, DL 2017
810    $a Cartes 2 France - http://www.cartes-2-france.com/activites/531770002/ecole-primaire-la-clef-des-champs.php (2018-09-17)
856    $u http://www.cartes-2-france.com/activites/531770002/ecole-primaire-la-clef-des-champs.php $e 2018-09-17
999    $a FRBNF177603962 $b 17760396
152    $b CO

