00777nx  a2200253   4500
001 306714
003 http://catalogue.bnf.fr/ark:/12148/cb167188476
005 20240519043309.0
010    $a 0000000419909679 $2 ISNI $d 20150313
033    $a http://catalogue.bnf.fr/ark:/12148/cb167188476
035    $a FRBNF167188471
100    $a 20131024afrey50      ba0
101    $a fre
102    $a FR
103    $a  19..               
105    $a a
106    $a 1  
120    $a b
200    $7 ba0yba0y $8 fre    $9  0  $a Demets $b Mikaël
300 0  $a Critique littéraire et éditeur
801    $a FR $b FR-751131015 $c 20131024
810    $a Polar : le grand panorama de la littérature noire / Clémentine Thiébault & Mikäel Demets, impr. 2013
999    $a FRBNF167188471 $b 16718847
152    $b NP

