00876cx  a2200277   4500
001 306850
003 http://catalogue.bnf.fr/ark:/12148/cb14645862j
005 20240519051529.0
010    $a 0000000118758846 $2 VIAF $d 20130802
033    $a http://catalogue.bnf.fr/ark:/12148/cb14645862j
035    $a FRBNF146458629
100    $a 20050720afrey50      ba0
101    $a spa
102    $a ES
103    $a  19810115           
105    $a a
106    $a 1  
120    $a b
152    $c 2 $b NP
200    $7 ba0yba0y $8 fre    $9  0  $a Pasarin $b Fernando $f 1981-....
300 0  $a Dessinateur de bandes dessinées
801    $a FR $b FR-751131015 $c 20050720
810    $a Les fils de la louve / [dessins de] Pasarin ; [scénario de] Weber, DL 2005
810    $a Internet - http://www.lombard.be (2005-07-20)
856    $u http://www.lombard.be $e 2005-07-20
999    $a FRBNF146458629 $b 14645862

