00762cx  a2200241   4500
001 306990
003 http://catalogue.bnf.fr/ark:/12148/cb177416362
005 20240510023948.0
010    $a 0000000467618219 $2 ISNI $d 20180620
033    $a http://catalogue.bnf.fr/ark:/12148/cb177416362
035    $a FRBNF177416368
100    $a 20180614afrey50      ba0
101    $a fre
102    $a XX
103    $a  1997    ?          
105    $a a
106    $a 1  
120    $a b
152    $c 2 $b NP
200    $7 ba0yba0y $8 fre    $9  0  $a Kouamé $f 1997?-....
801    $a FR $b FR-751131015 $c 20180618
810    $a Revenu des ténèbres [Texte imprimé] : récit / Kouamé ; avec la collaboration de Lionel Duroy. - Paris : XO éditions, DL 2018.
999    $a FRBNF177416368 $b 17741636

