00760cx  a2200229   4500
001 307121
003 http://catalogue.bnf.fr/ark:/12148/cb16156216k
005 20240510024809.0
033    $a http://catalogue.bnf.fr/ark:/12148/cb16156216k
035    $a FRBNF161562161
100    $a 20091110afrey50      ba0
101    $a fre
102    $a FR
105    $a a
106    $a 1  
150    $a y $b v5  
210    $7 ba0yba0y $8 fre    $9 20  $a Fédération française de la randonnée pédestre $b Comité départemental $c Nièvre
410    $7 ba0yba0y $8 fre    $9     $a Comité départemental de la randonnée pédestre $c Nièvre
801    $a FR $b FR-751131015 $c 20091112
810    $a La Nièvre à pied [Document cartographique], 2009
999    $a FRBNF161562161 $b 16156216
152    $b CO

