01326cx  a2200301   4500
001 307260
003 http://catalogue.bnf.fr/ark:/12148/cb141366954
005 20240518061759.0
010    $a 0000000001468642 $2 VIAF $d 20130801
033    $a http://catalogue.bnf.fr/ark:/12148/cb141366954
035    $a FRBNF141366956
100    $a 20030310afrey50      ba0
101    $a fre
102    $a FR
103    $a  19..               
105    $a a $a i
106    $a 1  
120    $a a
200    $7 ba0yba0y $8 fre    $9  0  $a Serrat $b Carole
300 0  $a Sophrologue. - Animatrice de télévision (1986-1992). - Ancienne chanteuse sous le pseudonyme de Martine Seror, puis sous son vrai nom
500    $5 e $0 Voir le pseudonyme $3 14226262 $7 ba0yba0y $8 fre    $9  0  $a Seror $b Martine
801    $a FR $b FR-751131015 $c 20200903
810    $a La médit-action [Multimédia multisupport] : une méthode complète de relaxation active / Carole Serrat, Laurent Stopnicki. R. Laffont, 2004 $a La médit-action : une méthode complète de relaxation active / Carole Serrat, Laurent Stopnicki, DL 2006
810    $a Wikipédia - https://fr.wikipedia.org/wiki/Carole_Serrat (2020-05-11)
856    $u http://caroleserrat.com/ $e 2020-05-11
856    $u https://fr.wikipedia.org/wiki/Carole_Serrat $e 2020-05-11
999    $a FRBNF141366956 $b 14136695
152    $b NP

