00862cx  a2200277   4500
001 307392
003 http://catalogue.bnf.fr/ark:/12148/cb162533703
005 20240519050403.0
010    $a 0000000111694886 $2 ISNI $d 20160216
033    $a http://catalogue.bnf.fr/ark:/12148/cb162533703
035    $a FRBNF162533700
100    $a 20110103afrey50      ba0
101    $a fre
102    $a FR
103    $a  19..               
105    $a a
106    $a 1  
120    $a a
200    $7 ba0yba0y $8 fre    $9  0  $a Chevallier $b Leanne
300 0  $a Savonnier
801    $a FR $b FR-751131015 $c 20110117
810    $a Je crée mes savons au naturel / texte Leanne & Sylvain Chevallier, DL 2010
810    $a Atelier Aroma Nature - http://www.aromanature.com (2011-01-03)
856    $u http://www.aromanature.com $e 2011-01-03
999    $a FRBNF162533700 $b 16253370
152    $b NP

