00737nx  a2200241   4500
001 307520
003 http://catalogue.bnf.fr/ark:/12148/cb177309729
005 20240510033533.0
033    $a http://catalogue.bnf.fr/ark:/12148/cb177309729
035    $a FRBNF177309722
100    $a 20180427afrey50      ba0
101    $a fre
102    $a FR
103    $a  1983    ?          
105    $a a
106    $a 1  
120    $a b
200    $7 ba0yba0y $8 fre    $9  0  $a Para $b Guillaume $f 1983?-....
300 0  $a Journaliste politique. - Romancier
801    $a FR $b FR-751131015 $c 20180427
810    $a Ta vie ou la mienne [Texte imprimé] / Guillaume Para. - Paris : Éditions Anne Carrière, DL 2018.
999    $a FRBNF177309722 $b 17730972
152    $b NP

