01933cx  a2200337   4500
001 307707
003 http://catalogue.bnf.fr/ark:/12148/cb14655814w
005 20240519051421.0
010    $a 0000000003105546 $2 VIAF $d 20130802
033    $a http://catalogue.bnf.fr/ark:/12148/cb14655814w
035    $a FRBNF146558145
039    $o OPL $a 009796374
039    $o OPP $a 12368556 $d 20070130
039    $o OPP $a 14189671 $d 20070130
100    $a 20020524afrey50      ba0
101    $a fre $t swe
102    $a FR
103    $a  19460531  20170226 
105    $a a $a i
106    $a 1  
120    $a b
200    $7 ba0yba0y $8 fre    $9  0  $a Jacopin $b Jean-Louis $f 1946-2017
300 0  $a Acteur, metteur en scène, professeur d'art dramatique, scénariste et réalisateur. - Fondateur de la compagnie Théâtre vivant + (en 1979). - Responsable multimédia du CESTA, Centre d'études des systèmes et technologies avancées (1984-1987), puis directeur artistique chez MMS, maison de production audiovisuelle pour enfants (1993-1995)
301    $a Saint-Aignan (Loir-et-Cher) $b Boulogne-Billancourt (Hauts-de-Seine)
510    $5 xxxz $0 Dirige :  $3 14706865 $7 ba0yba0y $8 fre    $9 20  $a Compagnie Jean-Louis Jacopin
801    $a FR $b FR-751131015 $c 20210206
810    $a Sauvé des os [Spectacle] / conception et mise en scène Jean-Louis Jacopin ; avec Claudia Mauro et Jean-Louis Jacopin. - Douai, Théâtre, 2004 $a Automne et hiver / Lars Norén ; texte français de Jean-Louis Jacopin, 1993 $a Joko fête son anniversaire [Spectacle] / mise en scène de Jean-Louis Jacopin. - Paris, Théâtre de l'Odéon (Petit-Odéon), 1990
810    $a La clef des chants - http://www.laclefdeschants.com (2007-01-30) $a Le Monde, 2017-03-04 (faire-part de décès) $a INSEE, Fichier des décès - https://deces.matchid.io/search
856    $u http://www.laclefdeschants.com $e 2007-01-30 $u https://deces.matchid.io/search
999    $a FRBNF146558145 $b 14655814
152    $b NP

