01083cx  a2200301   4500
001 307880
003 http://catalogue.bnf.fr/ark:/12148/cb14558427p
005 20240516044408.0
010    $a 0000000458948339 $2 saisie $d 20160607
010    $y 0000000001435891 $2 VIAF $d 20130802
033    $a http://catalogue.bnf.fr/ark:/12148/cb14558427p
035    $a FRBNF145584272
100    $a 20040726afrey50      ba0
101    $a eng
102    $a US
103    $a  19..      ....     
105    $a a
106    $a 1  
120    $a b
152    $c 2 $b NP
200    $7 ba0yba0y $8 fre    $9  0  $a Beaver $b Kevin
300 0  $a Consultant en sécurité informatique et des réseaux. - Informaticien, fondateur du site : Security on wheels. - Concepteur de systèmes de protection informatique
801    $a FR $b FR-751131015 $c 20170505
810    $a Combattre les hackers / Kevin Beaver, 2004
810    $a LC authorities - http://authorities.loc.gov (2016-06-07)
856    $u http://securityonwheels.com $e 2016-06-07
856    $u http://authorities.loc.gov $e 2016-06-07
999    $a FRBNF145584272 $b 14558427

