01425cx  a2200397   4500
001 308219
003 http://catalogue.bnf.fr/ark:/12148/cb12292638g
005 20240519022801.0
010    $a 000000008078452X $2 ISNI $d 20131217
033    $a http://catalogue.bnf.fr/ark:/12148/cb12292638g
035    $a FRBNF122926382
039    $o OPL $a 008717235
039    $o OPP $a 11188717 $d 20190412
039    $o OPP $a 11260042 $d 20190412
039    $o OPP $a 11350392 $d 20190412
039    $o OPP $a 11350393 $d 20190412
039    $o OPP $a 11289475 $d 20190412
039    $o OPP $a 11271554 $d 20190412
039    $o OPP $a 11561212 $d 20190412
100    $a 19930127afrey50      ba0
101    $a ita
102    $a IT
103    $a  18900227  1964     
105    $a a
106    $a 010
120    $a b
152    $c 2 $b NP
200    $7 ba0yba0y $8 fre    $9  0  $a Ricciotti $b Giuseppe $f 1890-1964
300    $a Professeur d'écritures saintes à l'Université de Rome. - Orientaliste. - Chanoine régulier de Saint-Jean de Latran à Rome (dans les années 40)
301    $a Rome (Italie) $b Rome (Italie)
686    $a 200 $c Religion (ouvrages généraux et comparatifs) $2 Note de regroupement par domaine
801    $a FR $b FR-751131015 $c 20190412
810    $a Histoire d'Israël / G. Ricciotti ; trad. française par Paul Auvray, 1947-1948
810    $a ABI
810    $a BN Cat. gén. suppl. $a BN Cat. gén. 1960-1969
999    $a FRBNF122926382 $b 12292638

