01534cx  a2200373   4500
001 308508
003 http://catalogue.bnf.fr/ark:/12148/cb12013957t
005 20240518075656.0
010    $a 0000000121447133 $2 ISNI $d 20170818
033    $a http://catalogue.bnf.fr/ark:/12148/cb12013957t
035    $a FRBNF120139574
039    $o OPL $a 001864706 $z AMA
039    $o OPL $a 002594263 $z APP
039    $o OPP $a 14953274 $d 20070117
100    $a 19840420afrey50      ba0
101    $a eng
102    $a US
103    $a  19011227  19920506 
105    $a a $a i $a p
106    $a 010
120    $a a
152    $c 2 $b NP
200    $7 ba0yba0y $8 fre    $9  0  $a Dietrich $b Marlene $f 1901-1992
300    $a Actrice. - Chanteuse. - Pseudonyme de Maria Magdalena Losch
301    $a Berlin $b Paris (8e)
302    $a D'origine allemande $a Naturalisée américaine en 1937
400    $7 ba0yba0y $8 fre    $9     $a Losch $b Maria Magdalena von $f 1901-1992
686    $a 780 $c Musique $2 Note de regroupement par domaine
686    $a 791 $c Audiovisuel $2 Note de regroupement par domaine
801    $a FR $b FR-751131015 $c 20230210
810    $a Marlène D. / Marlène Dietrich ; traduit [du manuscrit américain] par Boris Mattews, 1984
810    $a Intern. WW 1987-1988 et GDEL : née en 1901 $a LCNA, 1985 : née en 1904 $a Boussinot : née en 1902 $a Libération, 1992-05-07 : née en 1901 $a Dictionnaire mondial des chanteurs / C. Dureau, 1989 $a Qui était qui, XXe siècle, 2005 [née en 1901]
810    $a BN Cat. gén. 1960-1969
999    $a FRBNF120139574 $b 12013957

