00764cx  a2200265   4500
001 308698
003 http://catalogue.bnf.fr/ark:/12148/cb13502612k
005 20240517061842.0
010    $a 0000000000699529 $2 ISNI $d 20150312
033    $a http://catalogue.bnf.fr/ark:/12148/cb13502612k
035    $a FRBNF135026123
039    $o OPL $a 014480520
100    $a 19990624afrey50      ba0
101    $a fre $t jpn
102    $a FR
103    $a  19..               
105    $a a
106    $a 1  
120    $a b
200    $7 ba0yba0y $8 fre    $9  0  $a Huet $b Olivier $f 19..-.... $c japonisant
300 0  $a Traducteur
801    $a FR $b FR-751131015 $c 20070904
810    $a Ninkū / Kôji Kiriyama ; [trad. par Olivier Huet], 1998
999    $a FRBNF135026123 $b 13502612
152    $b NP

