00803nx  a2200253   4500
001 308879
003 http://catalogue.bnf.fr/ark:/12148/cb177680653
005 20240519054527.0
010    $a 0000000468831134 $2 ISNI $d 20181024
033    $a http://catalogue.bnf.fr/ark:/12148/cb177680653
035    $a FRBNF177680656
100    $a 20181017afrey50      ba0
101    $a fre
102    $a FR
103    $a  1978               
105    $a a
106    $a 1  
120    $a a
200    $7 ba0yba0y $8 fre    $9  0  $a Roux $b Laurine $f 1978-....
300 0  $a Romancière. - Professeur de lettres modernes
801    $a FR $b FR-751131015 $c 20181017
810    $a Une immense sensation de calme [Texte imprimé] / Laurine Roux. - Paris : les Éditions du Sonneur, DL 2018.
999    $a FRBNF177680656 $b 17768065
152    $b NP

