01525cx  a2200301   4500
001 309087
003 http://catalogue.bnf.fr/ark:/12148/cb12095309f
005 20240518044818.0
010    $a 0000000081719594 $2 VIAF $d 20130724
033    $a http://catalogue.bnf.fr/ark:/12148/cb12095309f
035    $a FRBNF120953092
039    $o OPL $a 004259573
100    $a 19840420afrey50      ba0
101    $a fre
102    $a FR
103    $a  19630209           
105    $a a
106    $a 1  
120    $a b
200    $7 ba0yba0y $8 fre    $9  0  $a Duval $b Jean-Pierre $f 1963-....
300 0  $a Photographe. - Directeur de l'Agence pour la promotion de la biodiversité et des expressions culturelles et directeur éditorial des Éditions Museo sises à Plaissan (Hérault) (en 2017)
801    $a FR $b FR-751131015 $c 20170809
810    $a Visions sur la côte de Granit Rose et ses alentours / texte, Stéphane Guérillot ; photos, Jean-Pierre Duval, 1986 $a La Grèce / textes de Vassilis Vassilikos ; photogr., Jean-Pierre Duval, 1990 $a La machine à pain / recettes de Rébecca Pugnale ; photographies de Jean-Pierre Duval, DL 2004 $a Architecture méditerranéenne d'aujourd'hui... / coordination éditoriale, Jean-Pierre Duval, DL 2016
810    $a Éditions Museo - https://www.museo-editions.com (2017-08-09)
815    $a Courrier, 1989-09, 1989-12, 1990-01, 1990-07 Plume internationale (11, rue Saint-Romain, 75006 Paris)
856    $u https://www.museo-editions.com $e 2017-08-09
999    $a FRBNF120953092 $b 12095309
152    $b NP

