00827nx  a2200241   4500
001 309219
003 http://catalogue.bnf.fr/ark:/12148/cb17778745m
005 20240519044216.0
010    $a 0000000472417307 $2 ISNI $d 20181205
033    $a http://catalogue.bnf.fr/ark:/12148/cb17778745m
035    $a FRBNF177787455
100    $a 20181130afrey50      ba0
101    $a fre
102    $a FR
103    $a  19..               
105    $a a
106    $a 1  
120    $a b
200    $7 ba0yba0y $8 fre    $9  0  $a Nadi $b Selim
801    $a FR $b FR-751131015 $c 20181130
810    $a Histoire des révoltes panafricaines [Texte imprimé] / C.L.R. James ; traduit de l'anglais par Véronique Samson ; préface de Selim Nadi ; postface de Matthieu Renault. - Paris : Éditions Amsterdam, 2018.
999    $a FRBNF177787455 $b 17778745
152    $b NP

