00844cx  a2200265   4500
001 309346
003 http://catalogue.bnf.fr/ark:/12148/cb17750039d
005 20240517055057.0
010    $a 0000000449699430 $2 ISNI $d 20180725
033    $a http://catalogue.bnf.fr/ark:/12148/cb17750039d
035    $a FRBNF177500396
100    $a 20180720afrey50      ba0
101    $a eng
102    $a GB
103    $a  19..               
105    $a a
106    $a 1  
120    $a a
152    $c 2 $b NP
200    $7 ba0yba0y $8 fre    $9  0  $a Chase $b Eve
300 0  $a Romancière. - Journaliste
801    $a FR $b FR-751131015 $c 20180720
810    $a Un manoir en Cornouailles [Texte imprimé] : roman / Eve Chase ; traduit de l'anglais par Aline Oudoul. - Paris : Nil, DL 2018.
856    $u http://www.evechase.com $e 2018-07-20
999    $a FRBNF177500396 $b 17750039

