00647cx  a2200229   4500
001 309468
003 http://catalogue.bnf.fr/ark:/12148/cb169952992
005 20240519051423.0
033    $a http://catalogue.bnf.fr/ark:/12148/cb169952992
035    $a FRBNF169952996
100    $a 20151005afrey50      ba0
101    $a eng
102    $a US
105    $a a
106    $a 1  
120    $a a
152    $c 2 $b NP
200    $7 ba0yba0y $8 fre    $9  0  $a Powell $b Sarah
300 0  $a Auteur d'ouvrages pour la jeunesse
801    $a FR $b FR-751131015 $c 20151005
810    $a Jolie Princesse Ballerine / écrit par Sarah Powell, 2013
999    $a FRBNF169952996 $b 16995299

