00993cx  a2200301   4500
001 309638
003 http://catalogue.bnf.fr/ark:/12148/cb122609684
005 20240519054545.0
010    $a 0000000110529360 $2 VIAF $d 20130725
033    $a http://catalogue.bnf.fr/ark:/12148/cb122609684
035    $a FRBNF122609688
039    $o OPL $a 010136956 $z AMA
039    $o OPL $a 008325526 $z APP
100    $a 19920831afrey50      ba0
101    $a fre
102    $a FR
103    $a  19340608           
105    $a a $a p
106    $a 010
120    $a b
200    $7 ba0yba0y $8 fre    $9  0  $a Leclerc $b Henri $f 1934-....
300    $a Avocat. - Président de la Ligue des droits de l'homme (1995-2000)
801    $a FR $b FR-751131015 $c 20190114
810    $a Un combat pour la justice / Henri Leclerc ; entretiens avec Marc Heurgon, 1994 $a La défense / Henri Leclerc, Wolf H. Fridman, 2002
810    $a Monde, 1995-03-21
815    $a WW, France 1990-1991
999    $a FRBNF122609688 $b 12260968
152    $b NP

