00973cx  a2200277   4500
001 309934
003 http://catalogue.bnf.fr/ark:/12148/cb13898726c
005 20240506025947.0
010    $a 0000000055132749 $2 VIAF $d 20130731
033    $a http://catalogue.bnf.fr/ark:/12148/cb13898726c
035    $a FRBNF138987262
100    $a 19890601afrey50      ba0
102    $a US
103    $a  19390611           
105    $a i
106    $a 1  
120    $a b
152    $c 2 $b NP
200    $7 ba0yba0y $8 fre    $9  0  $a Purdie $b Bernard $f 1939-....
300 0  $a Musicien de jazz. - Batteur
400    $7 ba0yba0y $8 fre    $9     $a Purdie $b Pretty $f 1939-....
801    $a FR $b FR-751131015 $c 20230829
810    $a Broken windows, empty hallways [Enregistrement sonore] / Bernard Purdie, batt. Prestige 9020492403
810    $a Grove jazz $a LC authorities - https://lccn.loc.gov/n82113585 (2023-08-29)
856    $u https://lccn.loc.gov/n82113585 $e 2023-08-29
999    $a FRBNF138987262 $b 13898726

