00808cx  a2200265   4500
001 310250
003 http://catalogue.bnf.fr/ark:/12148/cb12154084g
005 20240514043653.0
010    $a 0000000079743448 $2 VIAF $d 20130725
033    $a http://catalogue.bnf.fr/ark:/12148/cb12154084g
035    $a FRBNF121540844
039    $o OPL $a 00516381X
100    $a 19900716afrey50      ba0
101    $a fre $a jpn
102    $a JP
103    $a  19..               
105    $a a
106    $a 1  
120    $a a
152    $c 2 $b NP
200    $7 ba0yba0f $8 fre    $9  0  $a Yamanaka $b Keiko
300 0  $a Journaliste internationale. - Vit en France depuis une quinzaine d'années (en 1990)
801    $a FR $b FR-751131015 $c 20040616
810    $a L'archipel écartelé / Keiko Yamanaka, 1990
999    $a FRBNF121540844 $b 12154084

