02104cx  a2200373   4500
001 310531
003 http://catalogue.bnf.fr/ark:/12148/cb122423060
005 20240517034243.0
033    $a http://catalogue.bnf.fr/ark:/12148/cb122423060
035    $a FRBNF122423064
039    $o OPL $a 008081659
100    $a 19920327afrey50      ba0
106    $a 201
152    $b SNC $c 2
159    $a rameau
250    $7 ba0yba0y $8 fre    $9     $a Travail $y À l'étranger
305 1  $a Voir aussi la subdivision Travail aux catégories de personnes et aux groupes ethniques
305 1  $a Voir aussi la subdivision Fonctionnaires -- À l'étranger aux collectivités
330    $a S'emploie également en subdivision aux catégories de personnes et aux groupes ethniques ainsi que sous les vedettes désignant les nationaux d'un pays, par ex. : Français -- Travail -- À l'étranger
330    $a Ne pas employer pour pour les documents portant sur les opportunités de travail dans un pays étranger particulier, employer la subdivision Travail suivie de la subdivision géographique appropriée
450    $7 ba0yba0y $8 fre    $9   2 $a Emploi à l'étranger
450    $7 ba0yba0y $8 fre    $9     $a Expatriation professionnelle
450    $7 ba0yba0y $8 fre    $9     $a Mobilité internationale professionnelle
450    $7 ba0yba0y $8 fre    $9     $a Travail à l'étranger
550    $5 z $0 Voir aussi $3 16142024 $7 ba0yba0y $8 fre    $9     $a Main-d'oeuvre $x Mobilité internationale
550    $5 z $0 Voir aussi $3 11933627 $7 ba0yba0y $8 fre    $9     $a Travailleurs étrangers
550    $5 z $0 Voir aussi $3 12254144 $7 ba0yba0y $8 fre    $9     $a Fonctionnaires $y À l'étranger
550    $5 h $3 11977903 $7 ba0yba0y $8 fre    $9     $a Exode des cerveaux
550    $5 g $3 11950828 $7 ba0yba0y $8 fre    $9     $a Mobilité professionnelle
550    $5 g $3 11961353 $7 ba0yba0y $8 fre    $9     $a Recherche d'emploi
686    $a 330 $c Economie $2 Note de regroupement par domaine
801    $a FR $b FR-751131015 $c 20041103
822 1  $a Employment in foreign countries $2 LCSH $u http://id.loc.gov/authorities/subjects/sh85042920 $d 2017-02-09
999    $a FRBNF122423064 $b 12242306

