00734cx  a2200253   4500
001 311200
003 http://catalogue.bnf.fr/ark:/12148/cb17111375g
005 20240519073858.0
010    $a 0000000460013057 $2 ISNI $d 20170308
033    $a http://catalogue.bnf.fr/ark:/12148/cb17111375g
035    $a FRBNF171113752
100    $a 20170302afrey50      ba0
101    $a fre
102    $a FR
103    $a  19..               
105    $a a $a p
106    $a 1  
120    $a a
200    $7 ba0yba0y $8 fre    $9  0  $a Cabanes $b Valérie
300 0  $a Juriste en droit international
801    $a FR $b FR-751131015 $c 20230222
810    $a Un nouveau droit pour la Terre / Valérie Cabanes, DL 2016
999    $a FRBNF171113752 $b 17111375
152    $b NP

