02048cx  a2200361   4500
001 311686
003 http://catalogue.bnf.fr/ark:/12148/cb12064033m
005 20240511025658.0
010    $a 0000000108794210 $2 ISNI $d 20150313
033    $a http://catalogue.bnf.fr/ark:/12148/cb12064033m
035    $a FRBNF120640336
039    $o OPL $a 003905596 $z APP
100    $a 19880122afrey50      ba0
101    $a eng
102    $a CA
103    $a  19240911  20060327 
105    $a a
106    $a 010
120    $a b
152    $c 2 $b NP
200    $7 ba0yba0y $8 fre    $9  0  $a Vrba $b Rudolf $f 1924-2006
300    $a Pharmacologue, spécialiste en neurochimie. - Professeur émérite, Department of anaesthesiology, pharmacology & therapeutics, Faculty of medicine, University of British Columbia, Vancouver, Canada (en 2006)
300    $a Ancien déporté. - A légalisé son nom de guerre : Vrba, Rudolf, après la libération de la Tchécoslovaquie
301    $a Topol'čany (Slovaquie) $b Vancouver (Canada)
302    $a A émigré en Grande-Bretagne en 1960 $a A été naturalisé britannique en 1966 $a A émigré au Canada en 1967 $a A été naturalisé canadien en 1972
400    $7 ba0yba0y $8 fre    $9     $a Rosenberg $b Walter $f 1924-2006
400    $7 ba0yba0y $8 fre    $9     $a Rozenberg $b Volter $f 1924-2006
686    $a 900 $c Histoire et géographie (généralités) $2 Note de regroupement par domaine
801    $a FR $b FR-751131015 $c 20060902
810    $a Je me suis évadé d'Auschwitz / Rudolf Vrba ; avec Alan Bestic ; trad. de l'anglais par Jenny Plocki et Lili Slyper, 1988
810    $a Bibliothèque et archives Canada - http://www.collectionscanada.ca/index-f.html (2006-09-01) $a UBC - http://www.ubc.ca (2006-08-28) $a LC Authorities - http://authorities.loc.gov (2005-10-07) $a BC Bookworld - http://www.abcbookworld.com (2005-10-07)
856    $u http://www.collectionscanada.ca/index-f.html $e 2006-09-01 $u http://www.ubc.ca $e 2006-08-28 $u http://authorities.loc.gov $e 2005-10-07 $u http://www.abcbookworld.com $e 2005-10-07
999    $a FRBNF120640336 $b 12064033

