00906cx  a2200241   4500
001 312196
003 http://catalogue.bnf.fr/ark:/12148/cb119668582
005 20230427064921.0
033    $a http://catalogue.bnf.fr/ark:/12148/cb119668582
035    $a FRBNF119668580
039    $o OPL $a 001993576
100    $a 19841019afrey50      ba0
106    $a 211
152    $b SNC $c 2
159    $a rameau
250    $7 ba0yba0y $8 fre    $9     $a Enfants $x Mort (religion)
450    $7 ba0yba0y $8 fre    $9     $a Enfants $x Mort -- Aspect religieux
450    $7 ba0yba0y $8 fre    $9     $a Enfants $x État futur
550    $5 g $3 11966857 $7 ba0yba0y $8 fre    $9     $a Enfants $x Mort
801    $a FR $b FR-751131015 $c 20230331
822 12 $a Enfants -- Mort -- Aspect religieux $2 RVMLaval $d 1996-03-28
822 12 $a Children--Death--Religious aspects $2 LCSH $u http://id.loc.gov/authorities/subjects/sh85023431 $d 2017-02-09
999    $a FRBNF119668580 $b 11966858

