00672nx  a2200241   4500
001 312517
003 http://catalogue.bnf.fr/ark:/12148/cb16754755d
005 20240513035331.0
010    $a 0000000058693453 $2 ISNI $d 20150312
033    $a http://catalogue.bnf.fr/ark:/12148/cb16754755d
035    $a FRBNF167547554
100    $a 20140404afrey50      ba0
101    $a eng
102    $a GB
103    $a  19..               
105    $a a
106    $a 1  
120    $a b
152    $c 2 $b NP
200    $7 ba0yba0y $8 fre    $9  0  $a Percival $b Tom
801    $a FR $b FR-751131015 $c 20140404
810    $a Je t'écrirai, promis ! / Tom Percival, DL 2014
999    $a FRBNF167547554 $b 16754755

