02259cx  a2200457   4500
001 312721
005 20191103020152.0
009 http://catalogue.bnf.fr/ark:/12148/cb12289820f
010    $a 0000000118391431 $2 VIAF $d 20130725
039    $o OPL $a 008683167
039    $o OPP $a 15376435 $d 20121126
039    $o OPP $a 15433331 $d 20170320
039    $o OPP $a 10022572 $d 20170320
039    $o OPP $a 10022583 $d 20170320
039    $o OPP $a 10399162 $d 20170320
039    $o OPP $a 11067365 $d 20170320
039    $o OPP $a 14963067 $d 20170320
039    $o OPP $a 15440333 $d 20170523
039    $o OPP $a 11641057 $d 20170523
039    $o OPP $a 15433332 $d 20170523
039    $o OPP $a 11641056 $d 20170523
100    $a 19930126afrey50      ba0
101    $a dut
102    $a NL
103    $a  1535    ? 1590    ?
105    $a a $c e $c d
106    $a 010
120    $a b
152    $a AFNOR Z 44-061 $c 2 $b NP
200    $7 ba0yba0y $8 fre    $9  0  $a Hogenberg $b Frans $f 1539?-1590?
300    $a Dessinateur, graveur, cartographe, éditeur. - Fils de Nicolas Hogenberg (1500?-1539), frère de Remigius Hogenberg (1535?-1587?), père de Hans II Hogenberg (1550-1618). - S'installe à Cologne avant 1564, puis à Londres entre 1564 et 1567 avant de retourner vivre à Cologne
301    $a Malines (Belgique) $b Cologne (Allemagne)
400    $7 ba0yba0y $8 fre    $9     $a Hogenberch $b Franz $f 1539?-1590?
400    $7 ba0yba0y $8 fre    $9     $a Hogenbergius $b Franciscus $f 1539?-1590?
400    $7 ba0yba0y $8 fre    $9     $a Hooghenbergh $b Franz $f 1539?-1590?
400    $7 ba0yba0y $8 fre    $9     $a Hoogenberg $b Frans $f 1539?-1590?
400    $7 ba0yba0y $8 frefre $9     $a Hogenberg $b François $f 1539?-1590?
801    $a FR $b FR-751131015 $c 20170523
810    $a Cartes anciennes des grandes villes d'Europe : une sélection des plus beaux plans de Braun et Hogenberg / John Goss, 1992
810    $a The new Hollstein Dutch & Flemish etchings, engravings and woodcuts, 1450-1700. Remigius and Frans Hogenberg / compiled by Ursula Mielke.-Sound & Vision publ., 2009 $a Bibliothèque royale, Pays-Bas, Frans Hogenberg (1535?-1590?) - http://www.konbib.nl (2005-08-05) $a Grove Art Online - http://www.oxfordartonline.com/subscriber/article/grove/art/T038508pg2? (2017-03-21)
999    $a 12289820 $b FRBNF122898207

