01685cx  a2200337   4500
001 313387
003 http://catalogue.bnf.fr/ark:/12148/cb12114420h
005 20240507043423.0
033    $a http://catalogue.bnf.fr/ark:/12148/cb12114420h
035    $a FRBNF121144204
039    $o OPL $a 00458299X
100    $a 19890601afrey50      ba0
101 0  $a ger
102    $a XX
103    $a  1816      1817     
106    $a 010
152    $c 2 $b SAUTTIT
154    $a |a
240    $a Hoffmann $b Ernst Theodor Amadeus $f 1776-1822 $9  0  $7 ba0yba0y $8 freger $t Nachtstücke
300    $a Recueil de contes
349    $r Première édition $d 1816-1817
440    $a Hoffmann $b Ernst Theodor Amadeus $f 1776-1822 $7 ba0yba0y $8 freger $t Nachtstücke in Callots Manier
440    $a Hoffmann $b Ernst Theodor Amadeus $f 1776-1822 $7 ba0yba0y $8 frefre $t Contes nocturnes
440    $a Hoffmann $b Ernst Theodor Amadeus $f 1776-1822 $7 ba0yba0y $8 frefre $t Nocturnes
440    $a Hoffmann $b Ernst Theodor Amadeus $f 1776-1822 $7 ba0yba0y $8 frefre $t Nocturnes dans la manière de Callot
540    $5 h $3 12114419 $a Hoffmann $b Ernst Theodor Amadeus $f 1776-1822 $t Der Sandmann
686    $a 800 $c Histoire et critique littéraires $2 Note de regroupement par domaine
801    $a FR $b FR-751131015 $c 20170911
810    $a Brockhaus, 19. aufl. (sous : Hoffmann, Ernst Theodor Amadeus) : Nachtstücke
810    $a Dictionnaire universel des littératures / dir. B. Didier, 1994 (sous : Hoffmann, Amadeus) : Nachtstücke ; Contes nocturnes $a Laffont Bompiani, Oeuvres, 1987 : Nocturnes dans la manière de Callot ; Nachtstücke in Callots Manier $a DLL, 1985 (sous : Hoffman, Ernst Theodor Amadeus) : Nocturnes
999    $a FRBNF121144204 $b 12114420

