00539nx  a22002053  4500
001 313778
003 http://catalogue.bnf.fr/ark:/12148/cb13087964n
005 20240508040950.0
033    $a http://catalogue.bnf.fr/ark:/12148/cb13087964n
035    $a FRBNF130879644
039    $o OPL $a 013185517
100    $a 19970409cfrey50      ba0
101    $a und
102    $a XX
105    $a a
106    $a 1  
152    $c 2 $b NP
200    $7 ba0yba0y $8 fre    $9  0  $a Taravant $b Jacques
801    $a FR $b FR-751131015 $c 19970409
999    $a FRBNF130879644 $b 13087964

