00569cx  a22002173  4500
001 314322
003 http://catalogue.bnf.fr/ark:/12148/cb169105213
005 20240510075557.0
033    $a http://catalogue.bnf.fr/ark:/12148/cb169105213
035    $a FRBNF169105218
100    $a 20140918cfrey50      ba0
101    $a fre
102    $a FR
103    $a  19730309           
105    $a a
106    $a 1  
120    $a a
200    $7 ba0yba0y $8 fre    $9  0  $a Cazier $b Chantal $f 1973-....
801    $a FR $b FR-751131015 $c 20140918
999    $a FRBNF169105218 $b 16910521
152    $b NP

