00854nx  a2200253   4500
001 314585
003 http://catalogue.bnf.fr/ark:/12148/cb17106259z
005 20240512052630.0
033    $a http://catalogue.bnf.fr/ark:/12148/cb17106259z
035    $a FRBNF171062592
100    $a 20170208afrey50      ba0
101 0  $a fre
102    $a XX
103    $a  2015               
106    $a 010
154    $a |a
240    $a Houellebecq $b Michel $f 1956-.... $9  0  $7 ba0yba0y $8 frefre $t Soumission
300    $a Roman
686    $a 800 $c Histoire et critique littéraires $2 Note de regroupement par domaine
801    $a FR $b FR-751131015 $c 20170208
810    $a Encycl. universalis (sous : Houellebecq, Michel) - http://www.universalis-edu.com (2017-02-08)
856    $u http://www.universalis-edu.com $e 2017-02-08
999    $a FRBNF171062592 $b 17106259
152    $b SAUTTIT

