01484cx  a2200337   4500
001 314697
003 http://catalogue.bnf.fr/ark:/12148/cb11977915h
005 20240512062116.0
033    $a http://catalogue.bnf.fr/ark:/12148/cb11977915h
035    $a FRBNF119779157
039    $o OPL $a 002152074
100    $a 19850707afrey50      ba0
106    $a 211
152    $b SNC $c 2
159    $a rameau
250    $7 ba0yba0y $8 fre    $9     $a Indexation automatique
450    $7 ba0yba0y $8 fre    $9     $a Analyse documentaire automatique
450    $7 ba0yba0y $8 fre    $9     $a Indexation-matière automatique
550    $5 h $3 15107821 $7 ba0yba0y $8 fre    $9     $a Folksonomies
550    $5 h $3 12248152 $7 ba0yba0y $8 fre    $9     $a CDS/ISIS (système d'information)
550    $5 h $3 11975802 $7 ba0yba0y $8 fre    $9   2 $a Classification automatique
550    $5 h $3 11982825 $7 ba0yba0y $8 fre    $9     $a Index permutés
550    $5 h $3 14421511 $7 ba0yba0y $8 fre    $9     $a Indexation sonore
550    $5 h $3 12409609 $7 ba0yba0y $8 fre    $9     $a PRECIS (système d'indexation)
550    $5 g $3 11932074 $7 ba0yba0y $8 fre    $9   2 $a Indexation (documentation)
686    $a 621 $2 Note de regroupement par domaine
686    $a 020 $c Sciences de l'information $2 Note de regroupement par domaine
801    $a FR $b FR-751131015 $c 20030730
822 12 $a Indexation automatique $2 RVMLaval $d 2003-07-30
822 1  $a Automatic indexing $2 LCSH $u http://id.loc.gov/authorities/subjects/sh85010100 $d 2017-02-09
999    $a FRBNF119779157 $b 11977915

