00766cx  a2200229   4500
001 314854
003 http://catalogue.bnf.fr/ark:/12148/cb17852640x
005 20240513032910.0
033    $a http://catalogue.bnf.fr/ark:/12148/cb17852640x
035    $a FRBNF178526401
100    $a 20191127afrey50      ba0
101    $a fre $t eng
102    $a FR
103    $a  19..               
105    $a a
106    $a 1  
120    $a a
200    $7 ba0yba0y $8 fre    $9  0  $a Vaz $b Laura
801    $a FR $b FR-751131015 $c 20191128
810    $a Prenez le contrôle de votre santé : le nouvel art de guérir / Dr Rangan Chatterjee ; photographies de Susan Bell ; traduit de l'anglais par Laura Vaz. - Paris : Belfond, DL 2019. - [Texte]
999    $a FRBNF178526401 $b 17852640
152    $b NP

