00967cx  a2200277   4500
001 314979
003 http://catalogue.bnf.fr/ark:/12148/cb171025783
005 20240514030543.0
010    $a 0000000456851090 $2 ISNI $d 20180704
033    $a http://catalogue.bnf.fr/ark:/12148/cb171025783
035    $a FRBNF171025786
100    $a 20170124afrey50      ba0
101    $a fre
102    $a FR
103    $a  19..               
105    $a a
106    $a 1  
120    $a a
200    $7 ba0yba0y $8 fre    $9  0  $a Dalbis $b Aline
300 0  $a Réalisatrice de film documentaire
801    $a FR $b FR-751131015 $c 20180628
810    $a 300 hommes [Images animées] / Aline Dalbis, Emmanuel Gras, réal., aut. - [Paris] : Blaq out [éd., distrib.], 2016
810    $a Les films de l'air - http://www.lesfilmsdelair.com/auteur/aline-dalbis (2017-01-24)
856    $u http://www.lesfilmsdelair.com/auteur/aline-dalbis $e 2017-01-24
999    $a FRBNF171025786 $b 17102578
152    $b NP

