00539nx  a22002053  4500
001 315098
003 http://catalogue.bnf.fr/ark:/12148/cb12601698x
005 20240514043632.0
033    $a http://catalogue.bnf.fr/ark:/12148/cb12601698x
035    $a FRBNF126016984
039    $o OPL $a 000688454
100    $a 19840313cfrey50      ba0
101    $a fre
102    $a FR
105    $a a
106    $a 1  
200    $7 ba0yba0y $8 fre    $9  0  $a Desportes $b Catherine
801    $a FR $b FR-751131015 $c 19840313
999    $a FRBNF126016984 $b 12601698
152    $b NP

