00489nx  a22001693  4500
001 315235
003 http://catalogue.bnf.fr/ark:/12148/cb15223968f
005 20240518045701.0
033    $a http://catalogue.bnf.fr/ark:/12148/cb15223968f
035    $a FRBNF152239682
100    $a 20070201cfrey50      ba0
106    $a 11 
152    $b SNC $c 2
159    $a BnF-Cartes et Plans
250    $7 ba0yba0y $8 fre    $9     $a Cartes illustrées
801    $a FR $b FR-751131015 $c 20070201
999    $a FRBNF152239682 $b 15223968

