00880nx  a2200241   4500
001 315371
003 http://catalogue.bnf.fr/ark:/12148/cb16955317b
005 20240510021722.0
010    $a 0000000433529488 $2 ISNI $d 20160217
033    $a http://catalogue.bnf.fr/ark:/12148/cb16955317b
035    $a FRBNF169553171
100    $a 20150325afrey50      ba0
101    $a fre
102    $a FR
103    $a  19..               
105    $a a
106    $a 1  
200    $7 ba0yba0y $8 fre    $9  0  $a Allal $b Mehdi Thomas
300 0  $a Enseignant à Sciences po et chercheur à l'Université de Paris II. - Responsable du Pôle antidiscriminations de la Fondation Terra Nova (en 2015)
801    $a FR $b FR-751131015 $c 20150325
810    $a Les discriminations [ Texte imprimé] /  Mehdi Thomas Allal,.... -  Levallois-Perret :  Bréal,  DL 2015.
999    $a FRBNF169553171 $b 16955317
152    $b NP

