01606cx  a2200337   4500
001 315511
003 http://catalogue.bnf.fr/ark:/12148/cb120105330
005 20240519045453.0
033    $a http://catalogue.bnf.fr/ark:/12148/cb120105330
035    $a FRBNF120105337
039    $o OPL $a 002504860
100    $a 19820215afrey50      ba0
101 0  $a fre
102    $a XX
103    $a  1854               
106    $a 010
154    $a |a
240    $a Nerval $b Gérard de $f 1808-1855 $9  0  $7 ba0yba0y $8 frefre $t Angélique
300    $a Catégorie de l'oeuvre : Oeuvres textuelles
300    $a Historique de l'oeuvre : Réécriture d'une partie du texte "Les faux saulniers", paru dans "Le national" du 24 octobre au 22 décembre 1850, sous forme d'un récit à la première personne composé de 12 lettres adressées à M. L. D. (Monsieur le Directeur), publié dans le recueil "Les filles du feu" en 1854
349    $r Première édition $a Paris $d 1854
440    $a Nerval $b Gérard de $f 1808-1855 $7 ba0yba0y $8 frespa $t Angélica
440    $a Nerval $b Gérard de $f 1808-1855 $7 ba0yba0a $8 frerus $t Anželika
440    $a Nerval $b Gérard de $f 1808-1855 $7 ba0yca0y $8 frerus $t Анжелика
540    $5 g $3 11992732 $a Nerval $b Gérard de $f 1808-1855 $t Les filles du feu
686    $a 800 $c Histoire et critique littéraires $2 Note de regroupement par domaine
801    $a FR $b FR-751131015 $c 20220804
810    $a Beaumarchais, Oeuvres, 1994 : Angélique
810    $a BN Cat. gén. (sous : Nerval, Gérard Labrunie, dit Gérard de). Oeuvres isolées. Angélique
999    $a FRBNF120105337 $b 12010533
152    $b SAUTTIT

