00617cx  a22002293  4500
001 316008
003 http://catalogue.bnf.fr/ark:/12148/cb109952668
005 20240515055321.0
033    $a http://catalogue.bnf.fr/ark:/12148/cb109952668
035    $a FRBNF109952664
039    $o OPL $a 00909777X
039    $o OPP $a 11483131 $d 20151209
039    $o OPP $a 10344782 $d 20151209
100    $a 19970701cfrey50      ba0
101    $a und
102    $a XX
105    $a a
106    $a 1  
152    $c 2 $b NP
200    $7 ba0yba0y $8 fre    $9  0  $a Brooke $b Jocelyn
801    $a FR $b FR-751131015 $c 20151209
999    $a FRBNF109952664 $b 10995266

