00504nx  a22001933  4500
001 316571
003 http://catalogue.bnf.fr/ark:/12148/cb10922418s
005 20240508074211.0
033    $a http://catalogue.bnf.fr/ark:/12148/cb10922418s
035    $a FRBNF109224189
100    $a 19970701cfrey50      ba0
101    $a und
102    $a XX
105    $a a
106    $a 1  
152    $c 2 $b NP
200    $7 ba0yba0y $8 fre    $9     $a Rimet $b Michel
801    $a FR $b FR-751131015 $c 19970701
999    $a FRBNF109224189 $b 10922418

