00504nx  a22001933  4500
001 316824
003 http://catalogue.bnf.fr/ark:/12148/cb16822007p
005 20240518072713.0
033    $a http://catalogue.bnf.fr/ark:/12148/cb16822007p
035    $a FRBNF168220071
100    $a 20141212cfrey50      ba0
101    $a und
102    $a XX
105    $a a
106    $a 1  
152    $c 2 $b NP
200    $7 ba0yba0y $8 fre    $9     $a Wallner $b John
801    $a FR $b FR-751131015 $c 20141212
999    $a FRBNF168220071 $b 16822007

