00944cx  a2200277   4500
001 317009
003 http://catalogue.bnf.fr/ark:/12148/cb108636961
005 20240513020259.0
010    $a 0000000061560918 $2 VIAF $d 20130716
033    $a http://catalogue.bnf.fr/ark:/12148/cb108636961
035    $a FRBNF108636962
039    $o OPL $a 005601834
039    $o OPP $a 12766724 $d 20120831
100    $a 19970701afrey50      ba0
101    $a fre
102    $a FR
103    $a  1903      1967     
105    $a a
106    $a 010
120    $a b
200    $7 ba0yba0y $8 fre    $9  0  $a Laborde $b Guy $f 1903-1967
300    $a Journaliste. - A été secrétaire de rédaction à "L'Ami du peuple" (1927), a travaillé au journal "Le temps" de Genève, puis à l'AFP d'Alger et de Paris
801    $a FR $b FR-751131015 $c 20131009
810    $a Agonie de la paix, 1935-1939 / Georges Suarez et Guy Laborde, 1942
999    $a FRBNF108636962 $b 10863696
152    $b NP

