01024cx  a2200277   4500
001 317330
003 http://catalogue.bnf.fr/ark:/12148/cb12081517f
005 20240515051655.0
010    $a 0000000084085179 $2 VIAF $d 20131024
033    $a http://catalogue.bnf.fr/ark:/12148/cb12081517f
035    $a FRBNF120815173
039    $o OPL $a 004091734
039    $o OPP $a 11513154 $d 20200109
100    $a 19880802afrey50      ba0
101    $a eng
102    $a US
103    $a  19030609  19960116 
105    $a a
106    $a 1  
152    $c 2 $b NP
200    $7 ba0yba0y $8 fre    $9  0  $a Davenport $b Marcia $f 1903-1996
300 0  $a Romancière. - Journaliste. - Critique musicale. - Biographe
801    $a FR $b FR-751131015 $c 19960212
810    $a Le Fleuve qui tout emporta / Marcia Davenport, 1988 $a Les frères Holt / Marcia Davenport, 1992
810    $a LCNA 1987-1992 : Davenport, Marcia, 1903- $a Writers dir. 1990-1992 $a Twentieth century romance and historical writers, 2nd ed. $a Monde, 1996-02-03
999    $a FRBNF120815173 $b 12081517

