00534nx  a22002053  4500
001 317602
003 http://catalogue.bnf.fr/ark:/12148/cb12777160x
005 20240516061141.0
033    $a http://catalogue.bnf.fr/ark:/12148/cb12777160x
035    $a FRBNF127771605
039    $o OPL $a 005742863
100    $a 19901203cfrey50      ba0
101    $a und
102    $a XX
105    $a a
106    $a 1  
152    $c 2 $b NP
200    $7 ba0yba0y $8 fre    $9  0  $a Lepp $b Ignace
801    $a FR $b FR-751131015 $c 19901203
999    $a FRBNF127771605 $b 12777160

