00523nx  a22001933  4500
001 318153
003 http://catalogue.bnf.fr/ark:/12148/cb11320004m
005 20240519022817.0
033    $a http://catalogue.bnf.fr/ark:/12148/cb11320004m
035    $a FRBNF113200048
100    $a 19970701cfrey50      ba0
101    $a und
102    $a XX
105    $a a
106    $a 1  
152    $c 2 $b NP
200    $7 ba0yba0y $8 fre    $9     $a Talbot $b Francis Laner $c S J Le P 
801    $a FR $b FR-751131015 $c 19970701
999    $a FRBNF113200048 $b 11320004

