00857nx  a2200253   4500
001 318746
003 http://catalogue.bnf.fr/ark:/12148/cb17032221r
005 20240518060749.0
010    $a 0000000459566471 $2 ISNI $d 20170201
033    $a http://catalogue.bnf.fr/ark:/12148/cb17032221r
035    $a FRBNF170322215
100    $a 20160311afrey50      ba0
101    $a eng
102    $a US
103    $a  19..               
105    $a a
106    $a 1  
120    $a a
152    $c 2 $b NP
200    $7 ba0yba0y $8 fre    $9  0  $a Mathieu $b Jennifer
300 0  $a Enseignante d'anglais à Houston (Texas, États-Unis). - Romancière
801    $a FR $b FR-751131015 $c 20160311
810    $a La vérité sur Alice [Texte imprimé] / Jennifer Mathieu ; traduit de l'américain par Cécile Tasson. - Paris : Pocket jeunesse-PKJ, DL 2016.
999    $a FRBNF170322215 $b 17032221

