00930cx  a2200277   4500
001 319372
003 http://catalogue.bnf.fr/ark:/12148/cb16510092j
005 20240518060828.0
010    $a 0000000119622692 $2 VIAF $d 20131025
033    $a http://catalogue.bnf.fr/ark:/12148/cb16510092j
035    $a FRBNF165100921
100    $a 20110518afrey50      ba0
101    $a fre
102    $a FR
103    $a  19740313           
105    $a a $d a $d i
106    $a 1  
120    $a b
200    $7 ba0yba0y $8 fre    $9  0  $a Tichit $b Ol $f 1974-....
300 0  $a Dessinateur de bandes dessinées
801    $a FR $b FR-751131015 $c 20141218
810    $a Bazile / dessins et couleurs, Ol Tichit ; scénario, Jicé & Legretti, 2010- $a [Recueil. Cartes postales. Ol Tichit] [image fixe], 2014-
856    $u http://www.otichit.com/ $e 2014-12-18
856    $u http://otichit.canalblog.com/ $e 2014-12-18
999    $a FRBNF165100921 $b 16510092
152    $b NP

