00541nx  a22002053  4500
001 319540
003 http://catalogue.bnf.fr/ark:/12148/cb129265634
005 20240518072610.0
033    $a http://catalogue.bnf.fr/ark:/12148/cb129265634
035    $a FRBNF129265631
039    $o OPL $a 008018502
100    $a 19920302cfrey50      ba0
101    $a und
102    $a XX
105    $a a
106    $a 1  
152    $c 2 $b NP
200    $7 ba0yba0y $8 fre    $9  0  $a Bouveret $b Dominique
801    $a FR $b FR-751131015 $c 19920302
999    $a FRBNF129265631 $b 12926563

