00957cx  a2200265   4500
001 319698
003 http://catalogue.bnf.fr/ark:/12148/cb12514318c
005 20240505052850.0
033    $a http://catalogue.bnf.fr/ark:/12148/cb12514318c
035    $a FRBNF125143181
039    $o OPL $a 012553795
100    $a 19960522afrey50      ba0
101 0  $a fre
102    $a XX
103    $a  1936               
106    $a 010
154    $a |a
240    $a Bachelard $b Gaston $f 1884-1962 $9  0  $7 ba0yba0y $8 frefre $t La dialectique de la durée
300    $a Catégorie de l'oeuvre : Oeuvres textuelles
300    $a Essai philosophique sur la réalité temporelle
686    $a 100 $c Philosophie $2 Note de regroupement par domaine
801    $a FR $b FR-751131015 $c 20060918
810    $a Encyclopédie philosophique universelle. Vol. III, Oeuvres / vol. dir. par Jean-François Mattéi, 1992 (sous : Bachelard, Gaston)
999    $a FRBNF125143181 $b 12514318
152    $b SAUTTIT

