00914cx  a2200253   4500
001 319871
003 http://catalogue.bnf.fr/ark:/12148/cb170122607
005 20240505061422.0
033    $a http://catalogue.bnf.fr/ark:/12148/cb170122607
035    $a FRBNF170122606
100    $a 20151212afrey50      ba0
101 0  $a fre
102    $a XX
103    $a  1963               
106    $a 010
152    $c 2 $b SAUTTIT
154    $a |a
240    $a Levinas $b Emmanuel $f 1906-1995 $9  0  $7 ba0yba0y $8 frefre $t Difficile liberté
300    $a Catégorie de l'oeuvre : Oeuvres textuelles
300    $a Essai philosophique
686    $a 100 $c Philosophie $2 Note de regroupement par domaine
801    $a FR $b FR-751131015 $c 20151216
810    $a Encyclopédie philosophique universelle. Vol. III, Oeuvres / Vol. dir. par Jean-François Mattéi, 1992 (sous : Lévinas, Emmanuel) : Difficile liberté
999    $a FRBNF170122606 $b 17012260

