00534nx  a22002053  4500
001 320047
003 http://catalogue.bnf.fr/ark:/12148/cb12590349b
005 20240505063826.0
033    $a http://catalogue.bnf.fr/ark:/12148/cb12590349b
035    $a FRBNF125903499
039    $o OPL $a 000482874
100    $a 19761103cfrey50      ba0
101    $a fre
102    $a FR
105    $a a
106    $a 1  
200    $7 ba0yba0y $8 fre    $9  0  $a Billard $b Claude
801    $a FR $b FR-751131015 $c 19761103
999    $a FRBNF125903499 $b 12590349
152    $b NP

