01162cx  a2200313   4500
001 320235
003 http://catalogue.bnf.fr/ark:/12148/cb13511161c
005 20240507052229.0
033    $a http://catalogue.bnf.fr/ark:/12148/cb13511161c
035    $a FRBNF13511161X
039    $o OPL $a 014471279
100    $a 19990622afrey50      ba0
101 0  $a tur
102    $a XX
103    $a  1990               
106    $a 010
152    $c 2 $b SAUTTIT
154    $a |a
240    $a Pamuk $b Orhan $f 1952-.... $9  0  $7 ba0yba0y $8 fretur $t Kara kitap
300    $a Catégorie de l'oeuvre : Oeuvres textuelles
300    $a Roman
440    $a Pamuk $b Orhan $f 1952-.... $7 ba0yba0y $8 freeng $t The black book
440    $a Pamuk $b Orhan $f 1952-.... $7 ba0yba0y $8 frefre $t Le livre noir
686    $a 800 $c Histoire et critique littéraires $2 Note de regroupement par domaine
801    $a FR $b FR-751131015 $c 20060705
810    $a Contemporary Turkish literature (sous : Pamuk, Orhan) : forme retenue - http://www.turkish-lit.boun.edu.tr (2006-06-14)
810    $a BnF Service turc, 2006-07-05
856    $u http://www.turkish-lit.boun.edu.tr $e 2006-06-14
999    $a FRBNF13511161X $b 13511161

