01210cx  a2200313   4500
001 320385
003 http://catalogue.bnf.fr/ark:/12148/cb145458015
005 20240516075909.0
033    $a http://catalogue.bnf.fr/ark:/12148/cb145458015
035    $a FRBNF145458010
100    $a 20040522afrey50      ba0
101 0  $a rus
102    $a XX
103    $a  1896               
106    $a 010
152    $c 2 $b SAUTTIT
154    $a |a
240    $a Čehov $b Anton Pavlovič $f 1860-1904 $9  0  $7 ba0yba0a $8 frerus $t Čajka
300    $a Catégorie de l'oeuvre : Oeuvres textuelles
300    $a Pièce de théâtre
440    $a Čehov $b Anton Pavlovič $f 1860-1904 $7 ba0yba0y $8 frefre $t La mouette
530    $5 xxc $0 A pour adaptation :  $3 16461037 $a The seagull (film)
530    $5 xxz $0 A inspiré :  $3 14548147 $a La petite Lili (film)
686    $a 800 $c Histoire et critique littéraires $2 Note de regroupement par domaine
801    $a FR $b FR-751131015 $c 20080519
810    $a KLE, vol. 8 (sous Čehov, A. P.) : Čajka
810    $a Polet "Čajki" / Rossijskaâ Akademiâ nauk, Naučnyj sovet po istorii mirovoj kylʹtury, Čehovskaâ komissiâ, 2001
810    $a BnF : Service russe
999    $a FRBNF145458010 $b 14545801

