01302cx  a2200313   4500
001 320544
003 http://catalogue.bnf.fr/ark:/12148/cb119388238
005 20240507065733.0
033    $a http://catalogue.bnf.fr/ark:/12148/cb119388238
035    $a FRBNF119388233
039    $o OPL $a 001613860
100    $a 19810522afrey50      ba0
101 0  $a eng
102    $a XX
103    $a  1969               
106    $a 010
152    $c 2 $b SAUTTIT
154    $a |a
240    $a Fowles $b John $f 1926-2005 $9  0  $7 ba0yba0y $8 freeng $t The French lieutenant's woman
300    $a Catégorie de l'oeuvre : Oeuvres textuelles
300    $a Roman
440    $a Fowles $b John $f 1926-2005 $7 ba0yba0y $8 frefre $t La maîtresse du lieutenant français
440    $a Fowles $b John $f 1926-2005 $7 ba0yba0y $8 frefre $t Sarah et le lieutenant français
530    $5 xxa $0 Adapté de :  $3 13497349 $a The French lieutenant's woman (film)
686    $a 800 $c Histoire et critique littéraires $2 Note de regroupement par domaine
801    $a FR $b FR-751131015 $c 20170707
810    $a Oxford English lit. (sous : Fowles) : The French lieutenant's woman
810    $a DLL, 1985-1986 (sous : Fowles, John) : Sarah et le lieutenant français $a Laffont Bompiani, Oeuvres, 1994 : Sarah et le lieutenant français
999    $a FRBNF119388233 $b 11938823

