01010cx  a2200277   4500
001 320707
003 http://catalogue.bnf.fr/ark:/12148/cb135112353
005 20240508053959.0
033    $a http://catalogue.bnf.fr/ark:/12148/cb135112353
035    $a FRBNF135112355
039    $o OPL $a 014479087
100    $a 19990623afrey50      ba0
101 0  $a fre
102    $a XX
103    $a  1997               
106    $a 010
152    $c 2 $b SAUTTIT
154    $a |a
240    $a Bauchau $b Henry $f 1913-2012 $9  0  $7 ba0yba0y $8 frefre $t Antigone
300    $a Catégorie de l'oeuvre : Oeuvres textuelles
300    $a Roman
686    $a 800 $c Histoire et critique littéraires $2 Note de regroupement par domaine
801    $a FR $b FR-751131015 $c 20050118
810    $a Dictionnaire de littérature française : XXe siècle / préf., Bertrand Poirot-Delpech, 2000 (sous : Bauchau, Henry)
815    $a Dictionnaire Bordas de littérature française / [sous la dir. de] Henri Lemaître, 2003
999    $a FRBNF135112355 $b 13511235

