00833cx  a2200253   4500
001 320882
003 http://catalogue.bnf.fr/ark:/12148/cb16227191v
005 20240508065452.0
033    $a http://catalogue.bnf.fr/ark:/12148/cb16227191v
035    $a FRBNF162271917
100    $a 20100831afrey50      ba0
101 0  $a eng
102    $a XX
103    $a  1995               
106    $a 010
152    $c 2 $b SAUTTIT
154    $a |a
240    $a Mistry $b Rohinton $f 1952-.... $9  0  $7 ba0yba0y $8 freeng $t A fine balance
300    $a Catégorie de l'oeuvre : Oeuvres textuelles
300    $a Roman
686    $a 800 $c Histoire et critique littéraires $2 Note de regroupement par domaine
801    $a FR $b FR-751131015 $c 20100902
810    $a Oxford Canadian lit., 1997 (sous : Mistry, Rohinton) : forme retenue
999    $a FRBNF162271917 $b 16227191

