00538nx  a22002053  4500
001 321096
003 http://catalogue.bnf.fr/ark:/12148/cb12632857r
005 20240512072657.0
033    $a http://catalogue.bnf.fr/ark:/12148/cb12632857r
035    $a FRBNF126328578
039    $o OPL $a 001245903
100    $a 19751105cfrey50      ba0
101    $a fre
102    $a FR
105    $a a
106    $a 1  
200    $7 ba0yba0y $8 fre    $9  0  $a Prangère $b Danièle
801    $a FR $b FR-751131015 $c 19751105
999    $a FRBNF126328578 $b 12632857
152    $b NP

