00538nx  a22002053  4500
001 321254
003 http://catalogue.bnf.fr/ark:/12148/cb12914064d
005 20240513020313.0
033    $a http://catalogue.bnf.fr/ark:/12148/cb12914064d
035    $a FRBNF129140649
039    $o OPL $a 007627169
100    $a 19910729cfrey50      ba0
101    $a und
102    $a XX
105    $a a
106    $a 1  
152    $c 2 $b NP
200    $7 ba0yba0y $8 fre    $9  0  $a Lengning $b Werner
801    $a FR $b FR-751131015 $c 19910729
999    $a FRBNF129140649 $b 12914064

