00538nx  a22002053  4500
001 321409
003 http://catalogue.bnf.fr/ark:/12148/cb12881983q
005 20240429075509.0
033    $a http://catalogue.bnf.fr/ark:/12148/cb12881983q
035    $a FRBNF128819832
039    $o OPL $a 00719994X
100    $a 19910627cfrey50      ba0
101    $a und
102    $a XX
105    $a a
106    $a 1  
152    $c 2 $b NP
200    $7 ba0yba0y $8 fre    $9  0  $a Laborie $b Suzanne
801    $a FR $b FR-751131015 $c 19910627
999    $a FRBNF128819832 $b 12881983

