00536nx  a22002053  4500
001 321549
003 http://catalogue.bnf.fr/ark:/12148/cb126237325
005 20240514053609.0
033    $a http://catalogue.bnf.fr/ark:/12148/cb126237325
035    $a FRBNF126237324
039    $o OPL $a 001084688
100    $a 19760729cfrey50      ba0
101    $a fre
102    $a FR
105    $a a
106    $a 1  
200    $7 ba0yba0y $8 fre    $9  0  $a Marmor $b François
801    $a FR $b FR-751131015 $c 19760729
999    $a FRBNF126237324 $b 12623732
152    $b NP

