00795cx  a2200253   4500
001 321672
003 http://catalogue.bnf.fr/ark:/12148/cb130781069
005 20240515061429.0
010    $a 0000000439748155 $2 ISNI $d 20190731
033    $a http://catalogue.bnf.fr/ark:/12148/cb130781069
035    $a FRBNF130781068
039    $o OPL $a 012727776
100    $a 19960904afrey50      ba0
101    $a fre $t eng
102    $a FR
103    $a  19..               
105    $a a
106    $a 1  
120    $a a
200    $7 ba0yba0y $8 fre    $9  0  $a Viollis $b Sylvie
801    $a FR $b FR-751131015 $c 20190723
810    $a L'enfant du Danube / János Székely ; traduit de l'anglais (États-Unis) par Sylvie Viollis. - [Paris] : Gallimard, DL 2019. - [Texte]
999    $a FRBNF130781068 $b 13078106
152    $b NP

