00538nx  a22002053  4500
001 321821
003 http://catalogue.bnf.fr/ark:/12148/cb13583481r
005 20240516063101.0
033    $a http://catalogue.bnf.fr/ark:/12148/cb13583481r
035    $a FRBNF135834813
039    $o OPL $a 015219772
100    $a 20001207cfrey50      ba0
101    $a und
102    $a XX
105    $a a
106    $a 1  
152    $c 2 $b NP
200    $7 ba0yba0y $8 fre    $9  0  $a Stotter $b Michael
801    $a FR $b FR-751131015 $c 20001207
999    $a FRBNF135834813 $b 13583481

