00744cx  a22002293  4500
001 322021
003 http://catalogue.bnf.fr/ark:/12148/cb135494058
005 20240508020208.0
033    $a http://catalogue.bnf.fr/ark:/12148/cb135494058
035    $a FRBNF135494054
039    $o OPL $a 014592761
100    $a 19990914cfrey50      ba0
101    $a fre
102    $a FR
103    $a  19..               
105    $a a
106    $a 1  
200    $7 ba0yba0y $8 fre    $9  0  $a Richard $b Roger $f 19..-.... $c spécialiste de la franc-maçonnerie
801    $a FR $b FR-751131015 $c 19990914
810    $a Dictionnaire maçonnique : le sens caché des rituels et de la symbolique maçonniques / Roger Richard, 1999
999    $a FRBNF135494054 $b 13549405
152    $b NP

