00543nx  a22002053  4500
001 322213
003 http://catalogue.bnf.fr/ark:/12148/cb133411175
005 20240509065234.0
033    $a http://catalogue.bnf.fr/ark:/12148/cb133411175
035    $a FRBNF133411177
039    $o OPL $a 013954912
100    $a 19980723cfrey50      ba0
101    $a und
102    $a XX
105    $a a
106    $a 1  
152    $c 2 $b NP
200    $7 ba0yba0y $8 fre    $9  0  $a Mirallès $b Christophe
801    $a FR $b FR-751131015 $c 19980723
999    $a FRBNF133411177 $b 13341117

