00751cx  a2200253   4500
001 322356
003 http://catalogue.bnf.fr/ark:/12148/cb14514358w
005 20240510061732.0
010    $a 0000000441775072 $2 ISNI $d 20211124
033    $a http://catalogue.bnf.fr/ark:/12148/cb14514358w
035    $a FRBNF145143580
100    $a 20031219afrey50      ba0
101    $a fre
102    $a FR
103    $a  19..               
105    $a a
106    $a 1  
120    $a a
200    $7 ba0yba0y $8 fre    $9  0  $a Le Breton $b Élisabeth
300 0  $a Historienne de l'art
801    $a FR $b FR-751131015 $c 20201106
810    $a Une antiquité moderne / commissaires Elisabeth Le Breton et Jean-Luc Martinez, 2019
999    $a FRBNF145143580 $b 14514358
152    $b NP

