01133cx  a2200289   4500
001 322556
003 http://catalogue.bnf.fr/ark:/12148/cb17868253t
005 20240519055916.0
010    $a 0000000483074872 $2 ISNI $d 20200226
033    $a http://catalogue.bnf.fr/ark:/12148/cb17868253t
035    $a FRBNF178682539
100    $a 20200218afrey50      ba0
101    $a eng
102    $a AU
103    $a  19..               
105    $a a
106    $a 1  
120    $a a
152    $c 2 $b NP
200    $7 ba0yba0y $8 fre    $9  0  $a Bunting $b Laura
300 0  $a Auteure d'ouvrages pour la jeunesse. - Épouse de l'auteur et illustrateur jeunesse Philip Bunting
801    $a FR $b FR-751131015 $c 20200219
810    $a Encore une histoire d'ours / Laura Bunting ; [illustrations] Philip Bunting ; [traduit de l'anglais (Australie) par Rosalind Elland-Goldsmith], DL 2020
810    $a VIAF : Library of Congress : Bunting, Laura - http://viaf.org/viaf/1156988878061001674 (2020-02-18)
856    $u https://laurabunting.com.au $e 2020-02-18
856    $u http://viaf.org/viaf/1156988878061001674 $e 2020-02-18
999    $a FRBNF178682539 $b 17868253

