00915cx  a2200265   4500
001 322671
003 http://catalogue.bnf.fr/ark:/12148/cb124952671
005 20240515072516.0
033    $a http://catalogue.bnf.fr/ark:/12148/cb124952671
035    $a FRBNF124952671
039    $o OPL $a 011867355
100    $a 19960103afrey50      ba0
101 0  $a fre
102    $a XX
103    $a  1938               
106    $a 010
154    $a |a
240    $a Yourcenar $b Marguerite $f 1903-1987 $9  0  $7 ba0yba0y $8 frefre $t Nouvelles orientales
300    $a Catégorie de l'oeuvre : Oeuvres textuelles
300    $a Recueil de 11 nouvelles, réédité en 1963 avec 10 nouvelles seulement, puis en 1978
686    $a 800 $c Histoire et critique littéraires $2 Note de regroupement par domaine
801    $a FR $b FR-751131015 $c 20060905
810    $a Laffont Bompiani, Oeuvres, 1994
999    $a FRBNF124952671 $b 12495267
152    $b SAUTTIT

