02001cx  a2200445   4500
001 322815
003 http://catalogue.bnf.fr/ark:/12148/cb119433398
005 20240508031546.0
033    $a http://catalogue.bnf.fr/ark:/12148/cb119433398
035    $a FRBNF119433397
039    $o OPL $a 001673409
100    $a 19820405afrey50      ba0
101 0  $a fre
102    $a XX
103    $a  1933               
106    $a 010
154    $a |a
240    $a Colette $f 1873-1954 $9  0  $7 ba0yba0y $8 frefre $t La chatte
300    $a Catégorie de l'oeuvre : Oeuvres textuelles
300    $a Forme de l'oeuvre : Roman
300    $a Historique de l'oeuvre : Publié en feuilleton dans Marianne du 12 avril au 7 juin 1933, et en volume la même année
349    $r Première édition $a Paris $d 1933
440    $a Colette $f 1873-1954 $7 ba0yba0y $8 freger $t Eifersucht
440    $a Colette $f 1873-1954 $7 ba0yba0y $8 freeng $t The cat
440    $a Colette $f 1873-1954 $7 ba0yba0a $8 frebul $t Kotkata
440    $a Colette $f 1873-1954 $7 ba0yca0y $8 frebul $t Котката
440    $a Colette $f 1873-1954 $7 ba0yba0y $8 frespa $t La gata
440    $a Colette $f 1873-1954 $7 ba0yba0a $8 fregre $t Ī gáta
440    $a Colette $f 1873-1954 $7 ba0yga0y $8 fregre $t Η γάτα
440    $a Colette $f 1873-1954 $7 ba0yba0y $8 freita $t La gatta
440    $a Colette $f 1873-1954 $7 ba0yba0y $8 frelav $t Kak̨enīte
440    $a Colette $f 1873-1954 $7 ba0yba0y $8 frenor $t Katten
440    $a Colette $f 1873-1954 $7 ba0yba0a $8 frerus $t Koška
440    $a Colette $f 1873-1954 $7 ba0yca0y $8 frerus $t Кошка
440    $a Colette $f 1873-1954 $7 ba0yba0y $8 fretur $t Dişi kedi
686    $a 800 $c Histoire et critique littéraires $2 Note de regroupement par domaine
801    $a FR $b FR-751131015 $c 20230220
810    $a Laffont-Bompiani, Oeuvres, 1994 : La chatte $a Œuvres. T. III / Colette ; édition publiée sous la direction d'Alain Brunet et Claude Pichois, 1991 (Bibliothèque de la Pléiade) : La Chatte
999    $a FRBNF119433397 $b 11943339
152    $b SAUTTIT

