01147cx  a2200265   4500
001 322952
003 http://catalogue.bnf.fr/ark:/12148/cb120411463
005 20240519053713.0
010    $a 000000003690212X $2 VIAF $d 20130724
033    $a http://catalogue.bnf.fr/ark:/12148/cb120411463
035    $a FRBNF120411469
039    $o OPL $a 003366138
100    $a 19860101afrey50      ba0
101    $a fre
102    $a FR
103    $a  1947               
105    $a a
106    $a 1  
120    $a b
200    $7 ba0yba0y $8 fre    $9  0  $a Ripoll $b Hubert $f 1947-....
300 0  $a Psychologue du sport. - Professeur à la Faculté des sciences du sport de l'Université d'Aix-Marseille (en 2012). - Président honoraire de la Société française de psychologie du sport (en 2012). - Professeur émérite à la Faculté des sciences du sport de l'Université d'Aix-Marseille (en 2020)
801    $a FR $b FR-751131015 $c 20210201
810    $a Neurosciences du sport / coord. par H. Ripoll et G. Azémar, 1987 $a Le mental des coachs / Hubert Ripoll, impr. 2012 $a Le mental des coachs / Hubert Ripoll, DL 2020
999    $a FRBNF120411469 $b 12041146
152    $b NP

