00701cx  a2200217   4500
001 323072
003 http://catalogue.bnf.fr/ark:/12148/cb17098711h
005 20240519054646.0
010    $a 0000000452600382 $2 ISNI $d 20170202
033    $a http://catalogue.bnf.fr/ark:/12148/cb17098711h
035    $a FRBNF170987115
100    $a 20170109afrey50      ba0
102    $a GB
103    $a  19..               
105    $a a
106    $a 1  
152    $c 2 $b NP
200    $7 ba0yba0y $8 fre    $9  0  $a Ellis $b Elina
801    $a FR $b FR-751131015 $c 20170110
810    $a La semaine de Pâques [Texte imprimé] / Juliet David ; illustrations d'Elina Ellis. - Charols : Excelcis, DL 2016.
999    $a FRBNF170987115 $b 17098711

