01019cx  a2200313   4500
001 323215
003 http://catalogue.bnf.fr/ark:/12148/cb139009505
005 20240517034202.0
010    $a 0000000122770469 $2 VIAF $d 20130731
033    $a http://catalogue.bnf.fr/ark:/12148/cb139009505
035    $a FRBNF139009502
100    $a 19890601afrey50      ba0
102    $a JP
103    $a  19290901  19921001 
105    $a i
106    $a 1  
120    $a b
152    $c 2 $b NP
200    $7 ba0yba0y $8 fre    $9  0  $a Wakayama $b Tomisaburo $f 1929-1992
300 0  $a Acteur
301    $a Tokyo $b Tokyo
400    $7 ba0yba0y $8 fre    $9     $a Kenzaburo $b Jo $f 1929-1992
400    $7 ba0yba0y $8 fre    $9     $a Kenzaburo $b Jô $f 1929-1992
400    $7 ba0yba0y $8 fre    $9     $a Kenzaburô $b Jô $f 1929-1992
400    $7 ba0yba0y $8 fre    $9     $a Jo $b Kenzaburo $f 1929-1992
801    $a FR $b FR-751131015 $c 20060314
810    $a IMDB - http://us.imdb.com (2006-01-30)
856    $u http://us.imdb.com $e 2006-01-30
999    $a FRBNF139009502 $b 13900950

