00946cx  a2200289   4500
001 323337
003 http://catalogue.bnf.fr/ark:/12148/cb170525570
005 20240518061628.0
010    $a 000000045963864X $2 ISNI $d 20170201
033    $a http://catalogue.bnf.fr/ark:/12148/cb170525570
035    $a FRBNF170525571
100    $a 20160613afrey50      ba0
101    $a jpn
102    $a JP
103    $a  19..               
105    $a a
106    $a 1  
152    $c 2 $b NP
200    $7 ba0yba0f $8 frejpn $9  0  $a Samamiya $b Akaza
300 0  $a Mangaka
700    $7 ba0ydc0y $8 frejpn $9  0  $a サマミヤ $b アカザ
801    $a FR $b FR-751131015 $c 20191105
810    $a NDL Authorities - https://id.ndl.go.jp/auth/ndlna/01218368 (2019-11-05)
810    $a BnF Service japonais, 2019-11-05
810    $a Bloody Mary, volume 1 / Akaza Samamiya, 2016
856    $u https://id.ndl.go.jp/auth/ndlna/01218368 $e 2019-11-05
999    $a FRBNF170525571 $b 17052557

