00768nx  a2200229   4500
001 323571
003 http://catalogue.bnf.fr/ark:/12148/cb15241833f
005 20240506075155.0
033    $a http://catalogue.bnf.fr/ark:/12148/cb15241833f
035    $a FRBNF15241833X
100    $a 19900315afrey50      ba0
103    $a  1900               
106    $a 11 
123    $d W0000900 $e E0010500 $f N0444500 $g N0435900
152    $b SNG
159    $a AFNOR NF Z44-081
160    $a e-fr
215    $7 ba0yba0y $8 frefre $9  1  $a Lot-et-Garonne, Département du (France)
356    $a Coordonnées géographiques : W 9' - E 1°5' / N 44°45' - N 43°59'
415    $7 ba0yba0y $8 frefre $9     $a 47, Département (France)
801    $a FR $b FR-751131015 $c 19970814
999    $a FRBNF15241833X $b 15241833

