00720cx  a2200229   4500
001 323733
003 http://catalogue.bnf.fr/ark:/12148/cb152399939
005 20240507020051.0
033    $a http://catalogue.bnf.fr/ark:/12148/cb152399939
035    $a FRBNF152399936
100    $a 19890811afrey50      ba0
103    $a  1300               
106    $a 11 
123    $d E0045400 $e E0045400 $f N0522100 $g N0522100
152    $b SNG $c 2
159    $a AFNOR NF Z44-081
160    $a e-ne
215    $7 ba0yba0y $8 frefre $9  1  $a Amsterdam (Pays-Bas)
356    $a Coordonnées géographiques : E 4°54' / N 52°21'
415    $7 ba0yba0y $8 frelat $9     $a Amstelodanum
801    $a FR $b FR-751131015 $c 20170622
999    $a FRBNF152399936 $b 15239993

