00750cx  a2200253   4500
001 323926
003 http://catalogue.bnf.fr/ark:/12148/cb14550280n
005 20240515020202.0
010    $a 0000000001046386 $2 ISNI $d 20210407
033    $a http://catalogue.bnf.fr/ark:/12148/cb14550280n
035    $a FRBNF145502802
039    $o OPP $a 16810731 $d 20210329
100    $a 20040615afrey50      ba0
101    $a fre
102    $a FR
103    $a  19..      ....     
105    $a a
106    $a 1  
120    $a a
200    $7 ba0yba0y $8 fre    $9  0  $a Chauvelot $b Raphaëlle
801    $a FR $b FR-751131015 $c 20210329
810    $a Les oiseaux / conception et textes, Émilie Beaumont, Raphaëlle Chauvelot, 2004
999    $a FRBNF145502802 $b 14550280
152    $b NP

