00995nx  a2200265   4500
001 324088
003 http://catalogue.bnf.fr/ark:/12148/cb165799944
005 20240511033327.0
010    $a 0000000038318074 $2 ISNI $d 20150312
033    $a http://catalogue.bnf.fr/ark:/12148/cb165799944
035    $a FRBNF165799948
100    $a 20120308afrey50      ba0
101    $a spa
102    $a ES
103    $a  19..               
105    $a a
106    $a 1  
120    $a b
152    $c 2 $b NP
200    $7 ba0yba0y $8 fre    $9  0  $a Arakistain $b Xabier
801    $a FR $b FR-751131015 $c 20120308
810    $a Producción artística y teoría feminista del arte : nuevos debates I / [dirección Xabier Arakistain, Lourdes Méndes] ; [ponencias Ann Sutherland Harris ... [et al.], 2009
810    $a Bibliothèque nationale, Espagne - http://www.bne.es $a LCNA - http://authorities.loc.gov (2012-03-08)
856    $u http://www.bne.es $u http://authorities.loc.gov $e 2012-03-08
999    $a FRBNF165799948 $b 16579994

