01037cx  a2200277   4500
001 324299
003 http://catalogue.bnf.fr/ark:/12148/cb178587321
005 20240515020132.0
033    $a http://catalogue.bnf.fr/ark:/12148/cb178587321
035    $a FRBNF178587322
100    $a 20200102afrey50      ba0
101    $a fre
102    $a FR
105    $a a
106    $a 1  
150    $a y $b v8  
210    $7 ba0yba0y $8 fre    $9 20  $a Lewelyn
300 0  $a Collectif de scénaristes, composé de David Chauvel, Andoryss et Patrick Wong (en 2019)
500    $5 z $0 A pour membre :  $3 12337049 $7 ba0yba0y $8 fre    $9  0  $a Chauvel $b David $f 1969-....
500    $5 z $0 A pour membre :  $3 16537349 $7 ba0yba0y $8 fre    $9  0  $a Andoryss $b Mel $f 1981-....
801    $a FR $b FR-751131015 $c 20230829
810    $a De toutes mes forces, DL 2019
810    $a Éditions Delcourt - https://www.editions-delcourt.fr/auteurs/lewelyn (2023-08-29)
856    $u https://www.editions-delcourt.fr/auteurs/lewelyn $e 2023-08-29
999    $a FRBNF178587322 $b 17858732
152    $b CO

