00852nx  a2200253   4500
001 324501
003 http://catalogue.bnf.fr/ark:/12148/cb169931023
005 20240509051557.0
010    $a 0000000454101245 $2 ISNI $d 20161107
033    $a http://catalogue.bnf.fr/ark:/12148/cb169931023
035    $a FRBNF169931023
100    $a 20150924afrey50      ba0
101    $a eng
102    $a US
103    $a  19..               
105    $a a
106    $a 1  
120    $a b
152    $c 2 $b NP
200    $7 ba0yba0y $8 fre    $9  0  $a Smallwood $b Greg
300 0  $a Illustrateur et dessinateur de comics
801    $a FR $b FR-751131015 $c 20150924
810    $a Black-out [Texte imprimé] / Brian Wood ; [dessin de Greg Smallwood, Giuseppe Camuncoli] ; [couleurs, Jordie Bellaire].... - Saint-Laurent-du-Var : Panini comics, DL 2015.
999    $a FRBNF169931023 $b 16993102

