00804cx  a2200265   4500
001 324661
003 http://catalogue.bnf.fr/ark:/12148/cb16615040p
005 20240511042558.0
010    $a 0000000108268974 $2 VIAF $d 20130808
033    $a http://catalogue.bnf.fr/ark:/12148/cb16615040p
035    $a FRBNF166150400
100    $a 20120725afrey50      ba0
101    $a eng
102    $a US
103    $a  19..               
105    $a a
106    $a 1  
120    $a a
152    $c 2 $b NP
200    $7 ba0yba0y $8 fre    $9  0  $a Makkai $b Rebecca
300 0  $a Romancière. - Fille du poète et linguiste Adam Makkai (1935-2020)
801    $a FR $b FR-751131015 $c 20210701
810    $a Chapardeuse / Rebecca Makkai, impr. 2012
856    $u http://rebeccamakkai.com $e 2020-01-23
999    $a FRBNF166150400 $b 16615040

