01321cx  a2200301   4500
001 324817
003 http://catalogue.bnf.fr/ark:/12148/cb11971115v
005 20240513033522.0
033    $a http://catalogue.bnf.fr/ark:/12148/cb11971115v
035    $a FRBNF119711156
039    $o OPL $a 002053172
100    $a 19850422afrey50      ba0
106    $a 211
152    $b SNC $c 2
159    $a rameau
250    $7 ba0yba0y $8 fre    $9     $a Cuisine corse
450    $7 ba0yba0y $8 fre    $9     $a Cuisine française $y France -- Ajaccio (Corse)
450    $7 ba0yba0y $8 fre    $9     $a Cuisine française $y France -- Bastia (Corse)
450    $7 ba0yba0y $8 fre    $9     $a Cuisine française $y Corse (France)
550    $5 g $3 17065044 $7 ba0yba0y $8 fre    $9     $a Civilisation $y Corse (France)
550    $5 g $3 11949011 $7 ba0yba0y $8 fre    $9     $a Cuisine française
550    $5 g $3 12182189 $7 ba0yba0y $8 fre    $9     $a Cuisine méditerranéenne
686    $a 640 $c Economie domestique, hôtellerie $2 Note de regroupement par domaine
801    $a FR $b FR-751131015 $c 20180326
810    $a Cuisine de Corse / J.-C. de Peretti, P. Erbalunga, S. Grimaldi, 2002
822 12 $a Cooking, French -- Corsican style $2 LCSH $u http://id.loc.gov/authorities/subjects/sh2009009593 $d 2018-03-26
822 12 $a Cuisine corse $2 RVMLaval $d 2018-03-26
999    $a FRBNF119711156 $b 11971115

00203    a2200097   4500
001 324973
005 20200711140957.0
200    $a Moritz  $b R. 
801    $a FR $b 595126101 $c 20200711
100    $a 20200711afrey50      ba0
152    $b NP

00212    a2200097   4500
001 325167
005 20200718144018.0
210    $a Musica Antiqua $e Köln
801    $a FR $b 595126101 $c 20200718
100    $a 20200718afrey50      ba0
152    $b CO

