01115cx  a2200277   4500
001 325290
003 http://catalogue.bnf.fr/ark:/12148/cb17869519q
005 20240519060917.0
010    $a 0000000503818980 $2 ISNI $d 20211006
033    $a http://catalogue.bnf.fr/ark:/12148/cb17869519q
035    $a FRBNF178695198
100    $a 20200224afrey50      ba0
102    $a GB
103    $a  19..               
105    $a a
106    $a 1  
120    $a a
152    $c 2 $b NP
200    $7 ba0yba0y $8 fre    $9  0  $a Rossiter $b Clair
300 0  $a Illustratrice pour la jeunesse
801    $a FR $b FR-751131015 $c 20200305
810    $a Mille et une maisons : pourquoi chaque maison est-elle unique au monde ? / [text] Moira Butterfield ; [illustrations] Clair Rossiter ; [traduction de l'anglais par Alice Seelow], 2020. - [Texte noté. Image fixe]
810    $a VIAF : Library of Congress : Rossiter, Clair - http://viaf.org/viaf/105146461448727730662 (2020-02-24)
856    $u https://www.clairrossiter.com/ $e 2020-02-24
856    $u http://viaf.org/viaf/105146461448727730662 $e 2020-02-24
999    $a FRBNF178695198 $b 17869519

