00939cx  a2200265   4500
001 325409
003 http://catalogue.bnf.fr/ark:/12148/cb17814869v
005 20240519063245.0
033    $a http://catalogue.bnf.fr/ark:/12148/cb17814869v
035    $a FRBNF178148695
100    $a 20190524afrey50      ba0
101    $a eng
102    $a GB
103    $a  1992               
105    $a a
106    $a 1  
120    $a a
152    $c 2 $b NP
200    $7 ba0yba0y $8 fre    $9  0  $a Jackson $b Holly $f 1992-....
300 0  $a Romancière pour la jeunesse
801    $a FR $b FR-751131015 $c 20190527
810    $a Meurtre mode d'emploi (à l'usage des jeunes filles) / Holly Jackson ; traduit de l'anglais par Julie Sibony, 2019
810    $a Rogers, Coleridge & White - https://www.rcwlitagency.com/authors/jackson-holly-2 (2019-05-27)
856    $u https://www.rcwlitagency.com/authors/jackson-holly-2/ $e 2019-05-27
999    $a FRBNF178148695 $b 17814869

