00778cx  a2200253   4500
001 325543
003 http://catalogue.bnf.fr/ark:/12148/cb129951261
005 20240519055727.0
010    $a 0000000036642559 $2 VIAF $d 20130730
033    $a http://catalogue.bnf.fr/ark:/12148/cb129951261
035    $a FRBNF129951267
039    $o OPL $a 010890454
100    $a 19950131afrey50      ba0
101    $a fre
102    $a FR
103    $a  1958               
105    $a a
106    $a 1  
200    $7 ba0yba0y $8 fre    $9  0  $a Ulysse $b Louis-Stéphane $f 1958-....
300 0  $a Romancier
801    $a FR $b FR-751131015 $c 20100903
810    $a Toutes les nouvelles de mon quartier intéressent le monde entier / Louis-Stéphane Ulysse, 1997
999    $a FRBNF129951267 $b 12995126
152    $b NP

