00871cx  a2200241   4500
001 325676
003 http://catalogue.bnf.fr/ark:/12148/cb178228656
005 20240519053629.0
010    $a 0000000503717725 $2 ISNI $d 20210915
033    $a http://catalogue.bnf.fr/ark:/12148/cb178228656
035    $a FRBNF178228650
100    $a 20190703afrey50      ba0
101    $a eng
102    $a XX
103    $a  19..               
105    $a a
106    $a 1  
120    $a b
152    $c 2 $b NP
200    $7 ba0yba0y $8 fre    $9  0  $a Phillips $b Tom $f 19..-.... $c journaliste
801    $a FR $b FR-751131015 $c 20210907
810    $a Et merde ! [Texte imprimé] : comment l'histoire montre que l'erreur est humaine / Tom Phillips ; traduit de l'anglais (Grande-Bretagne) par Géraldine d'Amico et Laurence Videloup. - Paris : la Librairie Vuibert, DL 2019.
999    $a FRBNF178228650 $b 17822865

