01548cx  a2200325   4500
001 326090
003 http://catalogue.bnf.fr/ark:/12148/cb120828641
005 20240516032724.0
010    $a 0000000108855984 $2 VIAF $d 20130724
033    $a http://catalogue.bnf.fr/ark:/12148/cb120828641
035    $a FRBNF120828644
039    $o OPL $a 004106392
039    $o OPL $a 013024663
039    $o OPP $a 12549253 $d 20100610
039    $o OPP $a 15308277 $d 20100610
039    $o OPP $a 15441243 $d 20100610
100    $a 19880823afrey50      ba0
101    $a fre
102    $a FR
103    $a  1948               
105    $a a
106    $a 1  
120    $a b
200    $7 ba0yba0y $8 fre    $9  0  $a Lejeune $b Dominique $f 1948-....
300 0  $a Agrégé d'histoire, docteur en histoire, docteur ès lettres et sciences humaines. - Ancien élève de l'École normale supérieure de Saint-Cloud. - Professeur d'histoire en khâgne au Lycée Condorcet de Paris (en 1987), puis au Lycée Louis-le-Grand (en 1991)
801    $a FR $b FR-751131015 $c 20100610
810    $a Les Alpinistes en France à la fin du XIXe et au début du XXe siècle / par Dominique Lejeune, 1988 $a La France de la Belle-Époque / Dominique Lejeune, 1991 $a Entre guerre et paix : les relations internationales de 1900 à 1950 / Dominique Lejeune, 1996
810    $a Épistémologie : histoire de la géographie, histoire de la cartographie : répert. des chercheurs français / CNRS, 1987 $a Répertoire des Géographes français, Intergéo, 1994
999    $a FRBNF120828644 $b 12082864
152    $b NP

