00782cx  a2200253   4500
001 326302
003 http://catalogue.bnf.fr/ark:/12148/cb155004433
005 20240518061828.0
010    $a 0000000377777603 $2 VIAF $d 20130805
033    $a http://catalogue.bnf.fr/ark:/12148/cb155004433
035    $a FRBNF155004433
100    $a 20070116afrey50      ba0
101    $a ita
102    $a IT
103    $a  19..               
105    $a a
106    $a 1  
120    $a b
152    $c 2 $b NP
200    $7 ba0yba0y $8 fre    $9  0  $a Lori $b Renato
300 0  $a Scénographe. - Enseigne la scénographie
801    $a FR $b FR-751131015 $c 20160307
810    $a Le métier de scénographe : au cinéma, au théâtre et à la télévision / Renato Lori, cop. 2006
999    $a FRBNF155004433 $b 15500443

