00697nx  a2200241   4500
001 326464
003 http://catalogue.bnf.fr/ark:/12148/cb124644473
005 20240507055757.0
033    $a http://catalogue.bnf.fr/ark:/12148/cb124644473
035    $a FRBNF124644474
039    $o OPL $a 011440378
100    $a 19950519afrey50      ba0
101    $a fre
102    $a FR
103    $a  19941118  19941118 
105    $a a
106    $a 1  
150    $a y $b p9  
210    $7 ba0yba0y $8 fre    $9 20  $a Cercle Léon Trotsky $c Paris $b Réunion $f 1994-11-18)
801    $a FR $b FR-751131015 $c 19950519
810    $a Cuba, 35 ans après la révolution castriste, 1994
999    $a FRBNF124644474 $b 12464447
152    $b CO

