00975cx  a2200265   4500
001 326633
003 http://catalogue.bnf.fr/ark:/12148/cb177691361
005 20240518062610.0
010    $a 0000000468834167 $2 ISNI $d 20181024
033    $a http://catalogue.bnf.fr/ark:/12148/cb177691361
035    $a FRBNF177691364
100    $a 20181019afrey50      ba0
101    $a fre
102    $a FR
103    $a  19..               
105    $a a
106    $a 1  
120    $a a
200    $7 ba0yba0y $8 fre    $9  0  $a Joseph-Dailly $b Emmanuelle
300 0  $a Anthropologue et chercheuse. - Directrice du Groupe Julhiet-Sterwen (en 2018)
400    $7 ba0yba0y $8 fre    $9     $a Dailly $b Emmanuelle Joseph-
801    $a FR $b FR-751131015 $c 20181019
810    $a Développez l'engagement de vos collaborateurs [Texte imprimé] : permettre à chacun de (re)trouver son élan / Emmanuelle Joseph-Dailly, Didier Noyé. - Paris : Eyrolles, DL 2018.
999    $a FRBNF177691364 $b 17769136
152    $b NP

00208    a2200097   4500
001 326794
005 20201202150228.0
200    $a Grandvaux  $b Serge
801    $a FR $b 595126101 $c 20201202
100    $a 20201202afrey50      ba0
152    $b NP

