01118cx  a2200289   4500
001 326939
003 http://catalogue.bnf.fr/ark:/12148/cb17896176b
005 20240519065740.0
010    $a 0000000493362755 $2 ISNI $d 20210113
033    $a http://catalogue.bnf.fr/ark:/12148/cb17896176b
035    $a FRBNF17896176X
100    $a 20200917afrey50      ba0
101    $a eng
102    $a GB
103    $a  19760511           
105    $a a
106    $a 1  
120    $a a
152    $c 2 $b NP
200    $7 ba0yba0y $8 fre    $9  0  $a Anderson $b Sophie $f 1976-....
300 0  $a Romancière pour la jeunesse
801    $a FR $b FR-751131015 $c 20240415
810    $a La maison qui parcourait le monde / Sophie Anderson ; traduit de l'anglais ( Grande-Bretagne) par Marie-Anne de Béru, DL 2020. [Texte noté]
810    $a Fnac - https://www.fnac.com/SearchResult/ResultList.aspx?Search=sophie+anderson&sft=1&sa=1 (2024-04-15)
856    $u https://sophieandersonauthor.com $e 2020-09-17
856    $u https://www.fnac.com/SearchResult/ResultList.aspx?Search=sophie+anderson&sft=1&sa=1 $e 2024-04-15
999    $a FRBNF17896176X $b 17896176

