00885cx  a2200277   4500
001 327059
003 http://catalogue.bnf.fr/ark:/12148/cb16687789w
005 20240507050639.0
010    $a 0000000391000980 $2 ISNI $d 20150313
033    $a http://catalogue.bnf.fr/ark:/12148/cb16687789w
035    $a FRBNF166877894
100    $a 20130604afrey50      ba0
101    $a fre
102    $a FR
103    $a  19..               
105    $a a
106    $a 1  
120    $a b
200    $7 ba0yba0y $8 fre    $9  0  $a Giachetti $b Raphaël
300 0  $a Médecin psychiatre à Toulouse (en 2012)
801    $a FR $b FR-751131015 $c 20150122
810    $a La maladie bipolaire expliquée aux souffrants et aux proches / Dr Raphaël Giachetti, DL 2012
810    $a IdRef - http://www.idref.fr (2015-01-22)
856    $u http://www.idref.fr $e 2015-01-22
999    $a FRBNF166877894 $b 16687789
152    $b NP

