01477cx  a2200337   4500
001 327185
003 http://catalogue.bnf.fr/ark:/12148/cb119337333
005 20240507051454.0
033    $a http://catalogue.bnf.fr/ark:/12148/cb119337333
035    $a FRBNF119337331
039    $o OPL $a 001549030
100    $a 19810212afrey50      ba0
106    $a 211
152    $b SNC $c 2
159    $a rameau
250    $7 ba0yba0y $8 fre    $9     $a Uranium
550    $5 z $0 Voir aussi $3 12506749 $7 ba0yba0y $8 fre    $9     $a Datation $x Méthode uranium-thorium
550    $5 z $0 Voir aussi $3 11952254 $7 ba0yba0y $8 fre    $9     $a Éléments transuraniens
550    $5 h $3 11944399 $7 ba0yba0y $8 fre    $9     $a Combustibles nucléaires irradiés $x Traitement
550    $5 h $3 12247392 $7 ba0yba0y $8 fre    $9     $a Uranium $x Composés
550    $5 h $3 12411818 $7 ba0yba0y $8 fre    $9     $a Uranium $x Alliages
550    $5 h $3 12411812 $7 ba0yba0y $8 fre    $9     $a Uranium $x Isotopes
550    $5 h $3 13166743 $7 ba0yba0y $8 fre    $9     $a Uranium (combustible)
550    $5 h $3 13615904 $7 ba0yba0y $8 fre    $9     $a Uranium appauvri
550    $5 g $3 12150951 $7 ba0yba0y $8 fre    $9     $a Actinides
686    $a 540 $c Chimie, minéralogie, cristallographie $2 Note de regroupement par domaine
801    $a FR $b FR-751131015 $c 20030225
822 12 $a Uranium $2 RVMLaval $d 2003-02-25
822 22 $i 7440-61-1 $2 CASRN $d 2003-02-25
822 12 $a Uranium $2 LCSH $u http://id.loc.gov/authorities/subjects/sh85141276 $d 2017-02-09
999    $a FRBNF119337331 $b 11933733

