01094cx  a2200277   4500
001 327447
003 http://catalogue.bnf.fr/ark:/12148/cb178749383
005 20240513035304.0
010    $a 000000048512276X $2 ISNI $d 20200617
033    $a http://catalogue.bnf.fr/ark:/12148/cb178749383
035    $a FRBNF178749386
100    $a 20200526afrey50      ba0
101    $a jpn
102    $a JP
103    $a  19..               
105    $a a
106    $a 1  
120    $a a
152    $c 2 $b NP
200    $7 ba0yba0y $8 fre    $9  0  $a Suzuka
300 0  $a Mangaka
801    $a FR $b FR-751131015 $c 20211013
810    $a La petite faiseuse de livres : ascendance of a bookworm. 1 / scénario, Miya Kazuki ; dessins manga, Suzuka ; character design, You Shiina, DL 2020. - [Texte noté. Image fixe] $a La petite faiseuse de livres : ascendance of a bookworm. 7 / scénario, Miya Kazuki ; dessins manga, Suzuka ; character design, You Shiina, DL 2021
810    $a BnF Service japonais, 2020-06-10
815    $a NDL Authorities : https://id.ndl.go.jp/auth/ndla (2020-06-20)
999    $a FRBNF178749386 $b 17874938

