00671cx  a2200241   4500
001 327558
003 http://catalogue.bnf.fr/ark:/12148/cb14510415x
005 20240509053008.0
010    $a 0000000114940720 $2 VIAF $d 20130801
033    $a http://catalogue.bnf.fr/ark:/12148/cb14510415x
035    $a FRBNF145104150
100    $a 20031202afrey50      ba0
101    $a eng
102    $a XX
103    $a  19..      ....     
105    $a a
106    $a 1  
120    $a a
152    $c 2 $b NP
200    $7 ba0yba0y $8 fre    $9  0  $a Hynes $b Margaret
801    $a FR $b FR-751131015 $c 20071211
810    $a Roches et fossiles / Margaret Hynes, DL 2007
999    $a FRBNF145104150 $b 14510415

