00928nx  a2200241   4500
001 327662
003 http://catalogue.bnf.fr/ark:/12148/cb13175800m
005 20240509053137.0
010    $a 0000000001855685 $2 ISNI $d 20150312
033    $a http://catalogue.bnf.fr/ark:/12148/cb13175800m
035    $a FRBNF131758001
039    $o OPL $a 013563835
100    $a 19971127afrey50      ba0
101    $a fre
102    $a XX
105    $a a
106    $a 1  
152    $c 2 $b NP
200    $7 ba0yba0y $8 fre    $9  0  $a Macchi $b Catherine
300 0  $a Assistante de rédaction à la Villa Arson-Centre national d'art contemporain, Nice (en 1994)
801    $a FR $b FR-751131015 $c 19971127
810    $a Frieda Schumann : [exposition], Galerie de l'École, Villa Arson, Nice, 16 octobre-14 novembre 1993, Galerie la Tête d'obsidienne, La Seyne-sur-Mer, 14 octobre-26 novembre 1994 / [texte de Catherine Macchi], 1994
999    $a FRBNF131758001 $b 13175800

