00959cx  a2200265   4500
001 327793
003 http://catalogue.bnf.fr/ark:/12148/cb119204638
005 20240516030630.0
010    $a 0000000117730198 $2 VIAF $d 20130724
033    $a http://catalogue.bnf.fr/ark:/12148/cb119204638
035    $a FRBNF119204637
039    $o OPL $a 001243464
100    $a 19820802afrey50      ba0
101    $a fre
102    $a FR
103    $a  19471221           
105    $a a
106    $a 1  
120    $a b
200    $7 ba0yba0y $8 fre    $9  0  $a Poulon $b Frédéric $f 1947-....
300 0  $a Diplômé de mathématiques pures, de statistique (ISUP), de lettres classiques et de sciences politiques (IEP de Paris). - Professeur d'économie à l'Université Bordeaux I (en 2015)
801    $a FR $b FR-751131015 $c 20150717
810    $a Économie générale / F. Poulon, 1990 $a Économie générale / Frédéric Poulon, DL 2015
999    $a FRBNF119204637 $b 11920463
152    $b NP

