00828cx  a2200253   4500
001 328005
003 http://catalogue.bnf.fr/ark:/12148/cb17831208p
005 20240519063141.0
010    $a 0000000477047026 $2 ISNI $d 20190814
033    $a http://catalogue.bnf.fr/ark:/12148/cb17831208p
035    $a FRBNF178312080
100    $a 20190808afrey50      ba0
101    $a fre
102    $a FR
103    $a  1979               
105    $a a
106    $a 1  
200    $7 ba0yba0y $8 fre    $9  0  $a Ménétrier McGrath $b Charlye $f 1979-....
300 0  $a Romancière
400    $7 ba0yba0y $8 fre    $9     $a McGrath $b Charlye Ménétrier
801    $a FR $b FR-751131015 $c 20190812
810    $a Les sales gosses : roman / Charlye Ménétrier McGrath. - Paris : Fleuve éditions, DL 2019. - [Texte]
999    $a FRBNF178312080 $b 17831208
152    $b NP

