00863cx  a2200301   4500
001 328228
003 http://catalogue.bnf.fr/ark:/12148/cb10562304z
005 20240514043016.0
010    $a 0000000114663882 $2 ISNI $d 20211124
033    $a http://catalogue.bnf.fr/ark:/12148/cb10562304z
035    $a FRBNF105623041
039    $o OPL $a 005658486
039    $o OPP $a 11550592 $d 20201113
039    $o OPP $a 12771165 $d 20201113
100    $a 19970701afrey50      ba0
101    $a pol
102    $a PL
103    $a  1915      1992     
105    $a a
106    $a 1  
120    $a b
152    $c 2 $b NP
200    $7 ba0yba0y $8 fre    $9  0  $a Wnuk $b Włodzimierz $f 1915-1992
300 0  $a Ecrivain
801    $a FR $b FR-751131015 $c 20201113
810    $a Ku Tatrom. - Warszawa : Instytut wydawniczy Pax, 1970. - [Texte]
810    $a NUKAT
999    $a FRBNF105623041 $b 10562304

