01411cx  a2200325   4500
001 328364
003 http://catalogue.bnf.fr/ark:/12148/cb12769476d
005 20240514050134.0
010    $a 0000000000427275 $2 VIAF $d 20130729
033    $a http://catalogue.bnf.fr/ark:/12148/cb12769476d
035    $a FRBNF127694767
039    $o OPL $a 005637353
039    $o OPP $a 13215731 $d 20201019
100    $a 19901126afrey50      ba0
101    $a fre
102    $a FR
103    $a  19340706  20190502 
105    $a a
106    $a 010
120    $a b
200    $7 ba0yba0y $8 fre    $9  0  $a Crauste $b Michel $f 1934-2019
300    $a Joueur de rugby, ancien capitaine du XV de France, surnommé "le Mongol". - Président du F.C.L. (Football Club Lourdais) (en 2006)
301    $a Saint-Laurent-de-Gosse (Landes) $b Pau (Pyrénées-Atlantiques)
400    $5 e $7 ba0yba0y $8 fre    $9     $a Mongol $b Le $f 1934-2019
801    $a FR $b FR-751131015 $c 20201019
810    $a Lourdes : une certaine idée du rugby : pour survivre avec son temps ! / Jean Abadie ; préface de Michel Crauste, 2006 $a Messieurs rugby / Jérôme Prévôt, impr. 2006 $a Le testament du Mongol / Christophe Schaeffer, Michel Crauste, cop. 2015 [4e de couv. : "surnommé "le Mongol"]
810    $a La Dépêche, 2019-05-07 - https://www.ladepeche.fr (2020-10-13)
856    $u https://www.ladepeche.fr $e 2020-10-13
999    $a FRBNF127694767 $b 12769476
152    $b NP

