00749cx  a2200253   4500
001 328509
003 http://catalogue.bnf.fr/ark:/12148/cb144408771
005 20240509064617.0
010    $a 000000005837580X $2 VIAF $d 20130801
033    $a http://catalogue.bnf.fr/ark:/12148/cb144408771
035    $a FRBNF144408773
100    $a 20021210afrey50      ba0
101    $a fre
102    $a FR
103    $a  19..      ....     
105    $a a
106    $a 1  
120    $a a
200    $7 ba0yba0y $8 fre    $9  0  $a Guillebaud $b Catherine
300 0  $a Romancière. - Codirectrice des éditions Arléa (en 2004)
801    $a FR $b FR-751131015 $c 20041028
810    $a La fille du bar / Catherine Guillebaud, 2004
999    $a FRBNF144408773 $b 14440877
152    $b NP

