14086cx  a2202941   4500
001 328634
003 http://catalogue.bnf.fr/ark:/12148/cb13934169z
005 20240512031610.0
033    $a http://catalogue.bnf.fr/ark:/12148/cb13934169z
035    $a FRBNF13934169X
039    $o OPP $a 14288131 $d 20170731
100    $a 19910206afrey50      ba0
102    $a NL
105    $c e $d h $d g $c p $c a $c s $a a
106    $a 1  
150    $a y
152    $c 2 $b CO
210    $7 ba0yba0y $8 fre    $9  0  $a Sony music entertainment international
303    $a Herenweg 115, 2105 MG Heemstede
410    $7 ba0yba0y $8 fre    $9  1  $a Sony music international
516    $5 z $0 A édité :  $3 13875050 $7 ba0yba0y $8 fre    $9     $a Def Jam
516    $5 z $0 Édite :  $3 14027202 $7 ba0yba0y $8 fre    $9     $a Capo records
516    $5 z $0 A édité :  $3 13934820 $7 ba0yba0y $8 fre    $9     $a Hollywood records $f 1989-....
516    $5 z $0 A édité :  $3 13877780 $7 ba0yba0y $8 fre    $9     $a Tabu
516    $5 z $0 A édité :  $3 13936493 $7 ba0yba0y $8 fre    $9     $a Ars
516    $5 z $0 Édite :  $3 14521175 $7 ba0yba0y $8 fre    $9     $a Eighty-eight's
516    $5 z $0 Édite :  $3 14516717 $7 ba0yba0y $8 fre    $9     $a Bustin' loose
516    $5 z $0 Édite :  $3 14513744 $7 ba0yba0y $8 fre    $9     $a Meanwhile
516    $5 z $0 Édite :  $3 14511708 $7 ba0yba0y $8 fre    $9     $a Studd records
516    $5 z $0 Édite :  $3 13934972 $a Columbia Jazz Contemporary Masters
516    $5 z $0 Édite :  $3 13943374 $a Columbia-Kitchenware
516    $5 z $0 Édite :  $3 13929103 $a Sony classical
516    $5 z $0 Édite :  $3 13934967 $a Dance Pool
516    $5 z $0 Édite :  $3 13955190 $a Sprint
516    $5 z $0 Édite :  $3 13873879 $a Epic-Kirshner
516    $5 z $0 Édite :  $3 13936903 $a Columbia Jazz Masterpieces
516    $5 z $0 Édite :  $3 13938106 $a Columbia-PRO
516    $5 z $0 Édite :  $3 13938105 $a Columbia-Rush Associated Labels-PRO
516    $5 z $0 Édite :  $3 13936902 $a Columbia-Torso Dance
516    $5 z $0 Édite :  $3 13934749 $a Columbia-Yo
516    $5 z $0 Édite :  $3 13942627 $a Contemporary Jazz Masters
516    $5 z $0 Édite :  $3 13935742 $a Epic-Brother
516    $5 z $0 Édite :  $3 13937683 $a Epic-Brother-CR
516    $5 z $0 Édite :  $3 13938104 $a Epic-CR
516    $5 z $0 Édite :  $3 13936498 $a Epic-Nemperor
516    $5 z $0 Édite :  $3 13942650 $a Epic-Orpheus
516    $5 z $0 Édite :  $3 13938051 $a Epic-Q Sound
516    $5 z $0 Édite :  $3 13947530 $a Sony Broadway
516    $5 z $0 Édite :  $3 13873807 $a Digital Focus
516    $5 z $0 Édite :  $3 13874635 $a CBS-Kalimba
516    $5 z $0 Édite :  $3 13936495 $a Furtive
516    $5 z $0 Édite :  $3 13934970 $a Go Bang!
516    $5 z $0 Édite :  $3 13932335 $a In Effect
516    $5 z $0 Édite :  $3 13876833 $a Pasha
516    $5 z $0 Édite :  $3 13943483 $a Columbia-Kalimba
516    $5 z $0 Édite :  $3 13943481 $a Columbia-RAL
516    $5 z $0 Édite :  $3 13947535 $a Epic-WTG
516    $5 z $0 Édite :  $3 13948411 $a CBS-Family
516    $5 z $0 Édite :  $3 13877543 $a Squatt
516    $5 z $0 Édite :  $3 13940243 $a Columbia-Def Jam
516    $5 z $0 Édite :  $3 13950210 $a Sony Soho Square-Furtive
516    $5 z $0 Édite :  $3 13950945 $a Salsoul-Double J
516    $5 z $0 Édite :  $3 13953880 $a Sony Chaos
516    $5 z $0 Édite :  $3 13953222 $a Nude
516    $5 z $0 Édite :  $3 13876635 $a Network
516    $5 z $0 Édite :  $3 13942674 $a Emphasis
516    $5 z $0 Édite :  $3 13943728 $a Columbia-Emphasis
516    $5 z $0 Édite :  $3 13876883 $a Philadelphia International
516    $5 z $0 Édite :  $3 13943887 $a Epic-Word
516    $5 z $0 Édite :  $3 13945759 $a Epic-MJJ
516    $5 z $0 Édite :  $3 13946117 $a Columbia-Sherrill
516    $5 z $0 Édite :  $3 13874643 $a CBS-Spécial Products
516    $5 z $0 Édite :  $3 13935743 $a Columbia-Special Products
516    $5 z $0 Édite :  $3 13946192 $a Columbia-Legacy
516    $5 z $0 Édite :  $3 13946320 $a Epic-Albert
516    $5 z $0 Édite :  $3 13876485 $a Monument
516    $5 z $0 Édite :  $3 13946676 $a Columbia Jazz Masterpieces-Legacy
516    $5 z $0 Édite :  $3 13946988 $a Columbia Jazz Contemporary Masters-Legacy
516    $5 z $0 Édite :  $3 13946989 $a Columbia-Sprint
516    $5 z $0 Édite :  $3 13947189 $a Red Baron
516    $5 z $0 Édite :  $3 13947190 $a Epic-Tabu
516    $5 z $0 Édite :  $3 13947191 $a Columbia-Excellent
516    $5 z $0 Édite :  $3 13947193 $a 40 Acres and a Mule
516    $5 z $0 Édite :  $3 13947194 $a Columbia-40 Acres and a Mule Musicworks
516    $5 z $0 Édite :  $3 13947232 $a Sony-Soho Square-Dusted Sound
516    $5 z $0 Édite :  $3 13878010 $7 ba0yba0y $8 fre    $9     $a Versailles $f 1955-....
516    $5 z $0 Édite :  $3 13940697 $a Epic-Rhythm King
516    $5 z $0 Édite :  $3 13947532 $7 ba0yba0y $8 fre    $9     $a Sony classical-Sony Broadway
516    $5 z $0 Édite :  $3 13876036 $a Kitchenware
516    $5 z $0 Édite :  $3 13875302 $a Epic
516    $5 z $0 Édite :  $3 13947533 $a Columbia-Ruff House
516    $5 z $0 Édite :  $3 13947534 $a Columbia-Heavenly
516    $5 z $0 Édite :  $3 13942675 $a Sony Masterworks
516    $5 z $0 Édite :  $3 13877165 $a Relativity
516    $5 z $0 Édite :  $3 13948689 $7 ba0yba0y $8 fre    $9     $a Sony classical-Ricordi
516    $5 z $0 Édite :  $3 13945964 $a Sony Soho Square
516    $5 z $0 Édite :  $3 13874638 $a CBS Masterworks
516    $5 z $0 Édite :  $3 13925516 $a CBS Masterworks-Artist Laureate
516    $5 z $0 Édite :  $3 13933569 $7 ba0yba0y $8 fre    $9     $a Columbia $f 1889- $c Etats-Unis
516    $5 z $0 Édite :  $3 13950170 $a End
516    $5 z $0 Édite :  $3 13950539 $a B & b
516    $5 z $0 Édite :  $3 13950711 $a Epic Legacy
516    $5 z $0 Édite :  $3 13874627 $a CBS
516    $5 z $0 Édite :  $3 13873986 $a Blue sky
516    $5 z $0 Édite :  $3 13937478 $a Masterworks Portrait
516    $5 z $0 Édite :  $3 13950937 $a Contemporary Jazz Masters-Legacy
516    $5 z $0 Édite :  $3 13951659 $a Columbia-OBR
516    $5 z $0 Édite :  $3 13953015 $a Columbia-Windfall
516    $5 z $0 Édite :  $3 13953053 $a Columbia-Diw
516    $5 z $0 Édite :  $3 13953439 $a Columbia-Chaos
516    $5 z $0 Édite :  $3 13953475 $a Def Jam-Chaos
516    $5 z $0 Édite :  $3 13877250 $7 ba0yba0y $8 fre    $9     $a Rolling Stones records
516    $5 z $0 Édite :  $3 13955448 $a Epic-M
516    $5 z $0 Édite :  $3 13955710 $a Epic-Immortal
516    $5 z $0 Édite :  $3 13955764 $a RAL-JML-Chaos
516    $5 z $0 Édite :  $3 13956144 $7 ba0yba0y $8 fre    $9     $a Sony classical-Vivarte
516    $5 z $0 Édite :  $3 13956170 $a Epic-Soulpower
516    $5 z $0 Édite :  $3 13956278 $a Columbia-Legacy-Okeh
516    $5 z $0 Édite :  $3 13956279 $a Columbia-Legacy-Okeh Electric
516    $5 z $0 Édite :  $3 13956356 $7 ba0yba0y $8 fre    $9     $a Sony classical-Artist Laureate
516    $5 z $0 Édite :  $3 13876980 $a Portrait
516    $5 z $0 Édite :  $3 13956827 $a Columbia-Beggars Banquet
516    $5 z $0 Édite :  $3 13877502 $a Sony
516    $5 z $0 Édite :  $3 13873532 $a Epic-New Deal
516    $5 z $0 Édite :  $3 13874833 $a Epic-Flavor unit
516    $5 z $0 Édite :  $3 13878144 $a Curb
516    $5 z $0 Édite :  $3 13971649 $a Epic-New Deal-Sony 550
516    $5 z $0 Édite :  $3 13971651 $a Epic-Sony 550-Street-New Deal
516    $5 z $0 Édite :  $3 13971655 $a Epic-Street-Immortal
516    $5 z $0 Édite :  $3 13972784 $a Columbia-Miramax
516    $5 z $0 Édite :  $3 13972791 $a Loosegroove
516    $5 z $0 Édite :  $3 13973349 $a Stealth
516    $5 z $0 Édite :  $3 13973559 $a Epic-Legacy-Philadelphia International
516    $5 z $0 Édite :  $3 13973611 $7 ba0yba0y $8 fre    $9     $a Sony classical-Epic
516    $5 z $0 Édite :  $3 13973612 $a Grammy
516    $5 z $0 Édite :  $3 13973613 $a Work
516    $5 z $0 Édite :  $3 13874006 $a Columbia-Blue Horizon
516    $5 z $0 Édite :  $3 13970361 $a Columbia-Chaos-So so def
516    $5 z $0 Édite :  $3 13974479 $a Murmur
516    $5 z $0 Édite :  $3 13975047 $a Sony 550-Okeh
516    $5 z $0 Édite :  $3 13975082 $a Columbia-Bigster
516    $5 z $0 Édite :  $3 13975083 $a Columbia-MTV
516    $5 z $0 Édite :  $3 13956273 $a Tristar
516    $5 z $0 Édite :  $3 13970281 $a Epic-Street
516    $5 z $0 Édite :  $3 13874967 $a Creation
516    $5 z $0 Édite :  $3 13953426 $a Sony Soho Square-Orenda
516    $5 z $0 Édite :  $3 13973561 $a Columbia-1st Avenue
516    $5 z $0 Édite :  $3 13978194 $a Columbia-Wallace
516    $5 z $0 Édite :  $3 13978202 $a Wampa.Groove
516    $5 z $0 Édite :  $3 13978855 $a Alpaca Park
516    $5 z $0 Édite :  $3 13978856 $a Dance Pool-Rec in Pause
516    $5 z $0 Édite :  $3 13978857 $a Epic Soundtrax
516    $5 z $0 Édite :  $3 13978865 $a Columbia-So so def
516    $5 z $0 Édite :  $3 13977419 $a Ultrapop
516    $5 z $0 Édite :  $3 13877553 $a Epic-Crescent moon
516    $5 z $0 Édite :  $3 13979248 $a Epic Soundtrack-MJJ-Sony 550
516    $5 z $0 Édite :  $3 13876614 $a Columbia-Le Village vert
516    $5 z $0 Édite :  $3 13979970 $a Epic-Legacy-Contemporary Jazz Masters
516    $5 z $0 Édite :  $3 13979972 $7 ba0yba0y $8 fre    $9     $a Sony classical-ORF
516    $5 z $0 Édite :  $3 13979978 $a Ruthless
516    $5 z $0 Édite :  $3 13878257 $a Helter skelter
516    $5 z $0 Édite :  $3 13979979 $a Columbia-Underdog-Cheese Factory
516    $5 z $0 Édite :  $3 13980460 $a Epic-Alive
516    $5 z $0 Édite :  $3 13876727 $a One little Indian
516    $5 z $0 Édite :  $3 13877259 $a Capricorn
516    $5 z $0 Édite :  $3 13982299 $a Soul Circle-Small
516    $5 z $0 Édite :  $3 13982361 $a Rhythm King-Fauve
516    $5 z $0 Édite :  $3 13982832 $a MCG-Curb
516    $5 z $0 Édite :  $3 13983006 $a Small-Big Cheese
516    $5 z $0 Édite :  $3 13984391 $a Columbia-Ruff House-Miramax
516    $5 z $0 Édite :  $3 13875879 $a Columbia-Double T
516    $5 z $0 Édite :  $3 13984728 $a Columbia-Nonbreakable
516    $5 z $0 Édite :  $3 13989000 $a Epic-Los Hooligans
516    $5 z $0 Édite :  $3 13989491 $a Epic Soundtrack
516    $5 z $0 Édite :  $3 13968176 $a Columbia-Blue Eye
516    $5 z $0 Édite :  $3 13989515 $a Epic-Pladecompagniet
516    $5 z $0 Édite :  $3 13954009 $a Dragnet
516    $5 z $0 Édite :  $3 13989583 $a Epic-Yab Yum-Sony 550
516    $5 z $0 Édite :  $3 13989597 $a Columbia-PEM
516    $5 z $0 Édite :  $3 13989601 $a Squatt-Epic-Columbia
516    $5 z $0 Édite :  $3 13989728 $a Epic Soundtrack-Lighstorm
516    $5 z $0 Édite :  $3 13989740 $a Epic Soundtrax-Sony 550
516    $5 z $0 Édite :  $3 13989918 $a Zillion
516    $5 z $0 Édite :  $3 13989929 $a Epic-MJJ-JDJ
516    $5 z $0 Édite :  $3 13990027 $a Columbia-Hoffman
516    $5 z $0 Édite :  $3 13990070 $a Sony 550-MJJ
516    $5 z $0 Édite :  $3 13991183 $a Columbia-Pop Shop
516    $5 z $0 Édite :  $3 13994167 $a Epic Soundtrax-Hudlin Bros.
516    $5 z $0 Édite :  $3 13995671 $a Sony 550-Epic-MJJ
516    $5 z $0 Édite :  $3 13998396 $a Epic-Murmur
516    $5 z $0 Édite :  $3 14002436 $a Lrd
516    $5 z $0 Édite :  $3 14016200 $a Gee Street
516    $5 z $0 Édite :  $3 14020902 $a Four music-Columbia
516    $5 z $0 Édite :  $3 14022257 $7 ba0yba0y $8 fre    $9     $a Sony classical-Columbia-Legacy
516    $5 z $0 Édite :  $3 14014418 $a INCredible
516    $5 z $0 Édite :  $3 14022255 $a Columbia-Interscope-Overbrook
516    $5 z $0 Édite :  $3 14023573 $a Covert-Epic
516    $5 z $0 Édite :  $3 14023918 $a Columbia-Hollywood records
516    $5 z $0 Édite :  $3 14023920 $a Ruff house-Columbia-Ovum recordings
516    $5 z $0 Édite :  $3 14025338 $a Epic-Monument
516    $5 z $0 Édite :  $3 14023574 $a X-cell records
516    $5 z $0 Édite :  $3 14026248 $a Epic-TVT records
516    $5 z $0 Édite :  $3 14026357 $a Epic-Relativity
516    $5 z $0 Édite :  $3 14013244 $7 ba0yba0y $8 fre    $9     $a La Tribu
516    $5 z $0 Édite :  $3 14026842 $7 ba0yba0y $8 fre    $9     $a Sony classical-Seon
516    $5 z $0 Édite :  $3 14026988 $a Epic-Glow worm
516    $5 z $0 Édite :  $3 14008543 $a Hard hands-Higher ground
516    $5 z $0 Édite :  $3 14022634 $7 ba0yba0y $8 fre    $9     $a Wind-up-Epic
516    $5 z $0 Édite :  $3 14019005 $a Wind-up
516    $5 z $0 Édite :  $3 13998420 $a Epic-Legacy-Ode
516    $5 z $0 Édite :  $3 14011776 $7 ba0yba0y $8 fre    $9     $a Skint
516    $5 z $0 Édite :  $3 14027839 $a La tribu-Fédération française de rugby
516    $5 z $0 Édite :  $3 14028029 $a Ruffhouse-C2
516    $5 z $0 Édite :  $3 14028513 $a Columbia jazz
516    $5 z $0 Édite :  $3 14011124 $a Big cat
516    $5 z $0 Édite :  $3 14027668 $a Dance Pool-Warning Hits Records
516    $5 z $0 Édite :  $3 14029348 $a Epic-Razor sharp records
516    $5 z $0 Édite :  $3 14029376 $a Epic-Ng records
516    $5 z $0 Édite :  $3 14013830 $a Epidrome
516    $5 z $0 Édite :  $3 14030204 $a Disco volante
516    $5 z $0 Édite :  $3 14030452 $a Epic-Dance pool
516    $5 z $0 Édite :  $3 14031733 $a Sony classical-4 e music
516    $5 z $0 Édite :  $3 14025584 $a Epic-Loud
516    $5 z $0 Édite :  $3 14032876 $a Hidden beach recordings
516    $5 z $0 Édite :  $3 14032877 $a Instant karma
516    $5 z $0 Édite :  $3 14033727 $a Dos or die
516    $5 z $0 Édite :  $3 14034103 $a BOSS
516    $5 z $0 Édite :  $3 14034151 $a World up !
516    $5 z $0 Édite :  $3 14034469 $a Columbia-World up !
516    $5 z $0 Édite :  $3 14029059 $a Epic-Artemis-Sheridan square
516    $5 z $0 Édite :  $3 13875874 $a Double T music
516    $5 z $0 Édite :  $3 14034253 $a Epic-Double T Music
516    $5 z $0 Édite :  $3 13998235 $a Small
516    $5 z $0 Édite :  $3 14038000 $a Epic-Artemis records-Antra records
516    $5 z $0 Édite :  $3 13874935 $a The Medicine label
516    $5 z $0 Édite :  $3 14010357 $a Sony music media
516    $5 z $0 Édite :  $3 14039733 $a Epic-Emma
516    $5 z $0 Édite :  $3 14031331 $a Epic-Diamondtraxx
516    $5 z $0 Édite :  $3 14040345 $a Lucky dog
516    $5 z $0 Édite :  $3 14032325 $a Globe music
516    $5 z $0 Édite :  $3 14042068 $a Artemis records $c Marque américaine
516    $5 z $0 Édite :  $3 14050456 $a Sony discos
516    $5 z $0 Édite :  $3 14050756 $a Portrait Epic Legacy
516    $5 z $0 Édite :  $3 14067189 $a Columbia-Aware
516    $5 z $0 Édite :  $3 13876127 $a Legacy
516    $5 z $0 Édite :  $3 13877260 $a American
801    $a FR $b FR-751131015 $c 20030227
999    $a FRBNF13934169X $b 13934169

00224    a2200097   4500
001 328775
005 20210126163233.0
250    $a Sentiments $x Dans la littérature
801    $a FR $b 595126101 $c 20210126
100    $a 20210126afrey50      ba0
152    $b SNC

00205    a2200097   4500
001 328901
005 20210204111149.0
200    $a Cornier $b Alice
801    $a FR $b 595126101 $c 20210204
100    $a 20210204afrey50      ba0
152    $b NP

00216    a2200097   4500
001 329024
005 20210217154059.0
200    $a Tudor $b Tasha  $f 1915-.... 
801    $a FR $b 595126101 $c 20210217
100    $a 20210217afrey50      ba0
152    $b NP

00217    a2200097   4500
001 329151
005 20210304122013.0
200    $a Fournier $b Annie $f 1908-1961
801    $a FR $b 595126101 $c 20210304
100    $a 20210304afrey50      ba0
152    $b NP

00222    a2200097   4500
001 329272
005 20210313104002.0
200    $a Guillaume de Tyr   $f 1130?-1186 
801    $a FR $b 595126101 $c 20210313
100    $a 20210313afrey50      ba0
152    $b NP

00216    a2200097   4500
001 329385
005 20210323145751.0
200    $a Harang  $b Charles-Edouard 
801    $a FR $b 595126101 $c 20210323
100    $a 20210323afrey50      ba0
152    $b NP

00221    a2200097   4500
001 329493
005 20210402140556.0
210    $a Société anonyme Festa $c Paris
801    $a FR $b 595126101 $c 20210402
100    $a 20210402afrey50      ba0
152    $b CO

