00724cx  a2200217   4500
001 329611
003 http://catalogue.bnf.fr/ark:/12148/cb17154594v
005 20240510045821.0
033    $a http://catalogue.bnf.fr/ark:/12148/cb17154594v
035    $a FRBNF171545947
100    $a 20171002afrey50      ba0
102    $a FR
103    $a  19..               
105    $a a
106    $a 1  
120    $a b
200    $7 ba0yba0y $8 fre    $9  0  $a Gangloff $b Christopher
801    $a FR $b FR-751131015 $c 20171003
810    $a Lunaile et la ronde des couleurs [Texte imprimé] / texte, Fabienne Negri ; illustration, Christopher Gangloff. - [Bouxières-aux-Dames] : Fabienne Negri, DL 2017.
999    $a FRBNF171545947 $b 17154594
152    $b NP

00210    a2200097   4500
001 329722
005 20210424104625.0
200    $a Vandromme $b Jonathan
801    $a FR $b 595126101 $c 20210424
100    $a 20210424afrey50      ba0
152    $b NP

00213    a2200097   4500
001 329842
005 20210505121734.0
200    $a Goumy-Raulin  $b Jeanne 
100    $a 20210505afrey50      ba0
152    $b NP
801    $a FR $b 595126101 $c 20210505

