01008cx  a2200253   4500
001 330085
003 http://catalogue.bnf.fr/ark:/12148/cb15069543x
005 20240513035959.0
010    $a 000000006314255X $2 VIAF $d 20130805
033    $a http://catalogue.bnf.fr/ark:/12148/cb15069543x
035    $a FRBNF150695438
100    $a 20060531afrey50      ba0
101    $a fre
102    $a FR
103    $a  19..               
105    $a a
106    $a 1  
120    $a b
200    $7 ba0yba0y $8 fre    $9  0  $a Combalbert $b Laurent
300 0  $a Diplômé de l'École nationale supérieure des officiers de police et de la National Academy du FBI. - Directeur du développement et de la formation du groupe GEOS, Montrouge, Hauts-de-Seine et enseignant à HEC, Université de Paris II (en 2005)
801    $a FR $b FR-751131015 $c 20060717
810    $a Le management des situations de crise : anticiper les risques et gérer les crises / Laurent Combalbert, impr. 2005
999    $a FRBNF150695438 $b 15069543
152    $b NP

