01419cx  a2200337   4500
001 330199
003 http://catalogue.bnf.fr/ark:/12148/cb11917607t
005 20240510050735.0
010    $a 0000000109363690 $2 ISNI $d 20131217
033    $a http://catalogue.bnf.fr/ark:/12148/cb11917607t
035    $a FRBNF119176077
039    $o OPL $a 001163580 $z APP
039    $o OPL $a 001738974 $z AMA
100    $a 19791019afrey50      ba0
101    $a eng
102    $a AU
103    $a  19201031  20040123 
105    $a a $a i
106    $a 010
120    $a b
152    $c 2 $b NP
200    $7 ba0yba0y $8 fre    $9  0  $a Newton $b Helmut $f 1920-2004
300    $a Photographe. - Spécialités : bijoux, mode-beauté, portrait, reportage
301    $a Berlin (Allemagne) $b Los Angeles (Californie, États-Unis)
510    $3 16600318 $7 ba0yba0y $8 freeng $9 20  $a Helmut Newton foundation
686    $a 770 $c Photographie $2 Note de regroupement par domaine
801    $a FR $b FR-751131015 $c 20210217
810    $a Helmut Newton : introd. par K. Lagerfeld, 1986 $a Helmut Newton, 1920-2004, impr. 2012 $a Helmut & June / José Alvarez, DL 2020 ["Helmut Neustaedter", p. 17]
810    $a Dict. des photographes / C. Naggar, 1982 $a Le Book, 1998 $a Libération, 2004-01-26 (article nécrologique) $a Helmut Newton Foundation - http://www.helmut-newton.com (2021-02-17)
856    $u http://www.helmut-newton.com $e 2021-02-17
999    $a FRBNF119176077 $b 11917607

