01280cx  a2200277   4500
001 330339
003 http://catalogue.bnf.fr/ark:/12148/cb16160737p
005 20210620020124.0
010    $a 0000000109082127 $2 VIAF $d 20130807
100    $a 20091124afrey50      ba0
101    $a spa
102    $a ES
103    $a  19050103  19640312 
105    $a a
106    $a 010
120    $a a
152    $c 2 $b NP
200    $7 ba0yba0y $8 fre    $9  0  $a Carnés $b Luisa $f 1905-1964
300    $a Écrivain et journaliste. - Collabore à diverses publications dont la presse d'émigrés : "Romance", "Reconquista de España", "Nuestro tiempo" et "Mujeres españolas". - S'est exilée au Mexique en 1939
301    $a Madrid (Espagne) $b Mexico (Mexique)
400    $7 ba0yba0y $8 fre    $9     $a Caballero $b Luisa Carnés $f 1905-1964
400    $7 ba0yba0y $8 fre    $9     $a Carnés Caballero $b Luisa $f 1905-1964
801    $a FR $b FR-751131015 $c 20141208
810    $a El eslabón perdido / Luisa Carnés ; ed. de edición de Antonio Plaza Plaza, 2002 $a Itinerarios de exilio : la obra narrativa de Luisa Carnés / Iliana Olmedo, 2014
810    $a Dicc. de lit. española e hispanoamericana / R. Gullón, 1993 $a Bibliothèque nationale, Espagne - http://catalogo.bne.es (2009-11-24)
999    $a 16160737 $b FRBNF161607375

