00765nx  a2200253   4500
001 330454
003 http://catalogue.bnf.fr/ark:/12148/cb179455781
005 20240519075251.0
010    $a 0000000502623591 $2 ISNI $d 20210526
033    $a http://catalogue.bnf.fr/ark:/12148/cb179455781
035    $a FRBNF179455786
100    $a 20210520afrey50      ba0
101    $a fre
102    $a FR
103    $a  19..               
105    $a a
106    $a 1  
120    $a a
200    $7 ba0yba0y $8 fre    $9  0  $a Twice $b Jennifer
300 0  $a Autrice de romans
801    $a FR $b FR-751131015 $c 20210520
810    $a La passeuse de mots. Livre 1 / Alric & Jennifer Twice. - Vanves : Hachette romans, DL 2021. - [Texte noté]
999    $a FRBNF179455786 $b 17945578
152    $b NP

