01269cx  a2200301   4500
001 330580
003 http://catalogue.bnf.fr/ark:/12148/cb15543621w
005 20240506045314.0
010    $a 000000036264885X $2 VIAF $d 20130806
033    $a http://catalogue.bnf.fr/ark:/12148/cb15543621w
035    $a FRBNF155436215
039    $o OPP $a 17953770 $d 20210629
100    $a 20070628afrey50      ba0
101    $a fre
102    $a FR
103    $a  1968               
105    $a a
106    $a 1  
120    $a a
200    $7 ba0yba0y $8 fre    $9  0  $a Delignon $b Bénédicte $f 1968-....
300 0  $a Professeur de langue et littérature latines à l'École normale supérieure de Lyon
400    $5 j $7 ba0yba0y $8 fre    $9     $a Delaunay $b Bénédicte $f 1968-....
801    $a FR $b FR-751131015 $c 20210629
810    $a Les "Satires" d'Horace et la comédie gréco-latine, une poétique de l'ambiguité / Bénédicte Delignon, 2006 $a La grammaire pour tous / Nicolas Laurent, Bénédicte Delaunay, 2019 $a La grammaire pour tous / Nicolas Laurent, Bénédicte Delaunay, 2019
810    $a ENS Lyon. Département Lettre et Arts - http://lettres-arts.ens-lyon.fr (2021-06-29)
856    $u http://lettres-arts.ens-lyon.fr $e 2021-06-29
999    $a FRBNF155436215 $b 15543621
152    $b NP

