00946cx  a2200265   4500
001 330706
003 http://catalogue.bnf.fr/ark:/12148/cb17111872t
005 20240510051613.0
010    $a 0000000464128732 $2 ISNI $d 20171219
033    $a http://catalogue.bnf.fr/ark:/12148/cb17111872t
035    $a FRBNF171118728
100    $a 20170303afrey50      ba0
101    $a dan
102    $a DK
103    $a  19..               
105    $a a
106    $a 1  
120    $a a
152    $c 2 $b NP
200    $7 ba0yba0y $8 fre    $9  0  $a Kiertzner $b Marianne
801    $a FR $b FR-751131015 $c 20170306
810    $a Coiffures tressées [Texte imprimé] / [photographies de] Laura [Kristine Arnesen] et Marie [Moesgaard Wivel]... ; [textes, Marianne Kiertzner] ; [traduit du danois par Catherine Renaud]. - Paris : Fleurus, DL 2016.
810    $a REX - https://rex.kb.dk (2017-03-03)
856    $u https://rex.kb.dk/ $e 2017-03-03
999    $a FRBNF171118728 $b 17111872

