00772cx  a2200253   4500
001 330832
003 http://catalogue.bnf.fr/ark:/12148/cb179490658
005 20240510051643.0
033    $a http://catalogue.bnf.fr/ark:/12148/cb179490658
035    $a FRBNF179490659
100    $a 20210608afrey50      ba0
101    $a fre
102    $a FR
103    $a  19841008           
105    $a a
106    $a 010
150    $a y $b a9  
210    $7 ba0yba0y $8 fre    $9 20  $a Entreprise et cité $c Paris
300    $a Association déclarée spécialisée en soutien aux entreprises et à l'économie française
303    $a 40 rue du Colisée, 75008 Paris
801    $a FR $b FR-751131015 $c 20210608
810    $a Les grands fauves, 2021
999    $a FRBNF179490659 $b 17949065
152    $b CO

