00962cx  a2200265   4500
001 330971
003 http://catalogue.bnf.fr/ark:/12148/cb13570428c
005 20240513040657.0
010    $a 0000000121366798 $2 VIAF $d 20130731
033    $a http://catalogue.bnf.fr/ark:/12148/cb13570428c
035    $a FRBNF135704289
039    $o OPL $a 01512762X
100    $a 20000927afrey50      ba0
101    $a fre
102    $a FR
103    $a  19701030           
105    $a a
106    $a 1  
120    $a b
200    $7 ba0yba0y $8 fre    $9  0  $a Colin $b Frédéric $f 1970-....
300 0  $a Docteur en droit. - Maître de conférences de droit public à l'Université de droit, d'économie et des sciences d'Aix-Marseille (en 2000)
801    $a FR $b FR-751131015 $c 20050105
810    $a L'aptitude dans le droit de la fonction publique / Frédéric Colin, 2000 $a Droit administratif / Charles Debbasch, Frédéric Colin, 2004
999    $a FRBNF135704289 $b 13570428
152    $b NP

