00935cx  a2200265   4500
001 331105
003 http://catalogue.bnf.fr/ark:/12148/cb17734466z
005 20240513041204.0
010    $a 0000000465043888 $2 ISNI $d 20180523
033    $a http://catalogue.bnf.fr/ark:/12148/cb17734466z
035    $a FRBNF177344666
100    $a 20180516afrey50      ba0
102    $a FR
103    $a  19700104           
105    $a a
106    $a 1  
120    $a a
200    $7 ba0yba0y $8 fre    $9  0  $a Moreau $b Emmanuelle $f 1970-....
300 0  $a Illustratrice
330 0  $a Ne pas confondre avec : Moreau, Emmanuelle (1977-....), elle aussi illustratrice
801    $a FR $b FR-751131015 $c 20210305
810    $a Dragolino, apprenti pompier [Texte imprimé] / Dominick ; [illustrations de] E. Moreau. - [Lyon] : M, l'éditeur, DL 2018.
856    $u https://emmanuellemoreau.ultra-book.com $e 2021-03-05
999    $a FRBNF177344666 $b 17734466
152    $b NP

