00802cx  a2200229   4500
001 331232
003 http://catalogue.bnf.fr/ark:/12148/cb17706801b
005 20240504071818.0
010    $a 0000000464292575 $2 ISNI $d 20180117
033    $a http://catalogue.bnf.fr/ark:/12148/cb17706801b
035    $a FRBNF177068011
100    $a 20180111afrey50      ba0
102    $a FR
103    $a  19..               
105    $a a
106    $a 1  
120    $a a
200    $7 ba0yba0y $8 fre    $9  0  $a Plessy $b Valentine
801    $a FR $b FR-751131015 $c 20180112
810    $a Écoute l'arbre et la feuille [Texte imprimé] / David George Haskell ; traduit de l'anglais (États-Unis) par Thierry Piélat ; illustrations de Valentine Plessy. - [Paris] : Flammarion, DL 2017.
999    $a FRBNF177068011 $b 17706801
152    $b NP

