01266cx  a2200313   4500
001 331360
003 http://catalogue.bnf.fr/ark:/12148/cb166534644
005 20240518042225.0
010    $a 0000000427748211 $2 ISNI $d 20171108
010    $y 0000000399953815 $2 ISNI $d 20150313
010    $y 0000000463597078 $2 ISNI $d 20171115
033    $a http://catalogue.bnf.fr/ark:/12148/cb166534644
035    $a FRBNF16653464X
039    $o OPP $a 16743630 $d 20160318
039    $o OPP $a 17162323 $d 20211014
100    $a 20130109afrey50      ba0
101    $a fre
102    $a FR
103    $a  1979               
105    $a a
106    $a 1  
120    $a a
200    $7 ba0yba0y $8 fre    $9  0  $a Jouffa $b Susie Jung-Hee $f 1979-....
300 0  $a Historienne de l'art et collecteur. - Auteur d'ouvrages sur les chats
400    $7 ba0yba0y $8 fre    $9     $a Jouffa $b Susie
801    $a FR $b FR-751131015 $c 20211020
810    $a Percussions et chants de Haboe et Kyongju [Enregistrement sonore] / réalisation Susie Jung-Hee Jouffa & François Jouffa. Frémeaux & associés FA 5368 $a Journal de bord d'un chat acariâtre. saison 1-saison 2 / Frédéric Pouhier & Susie Jouffa. - Paris : Éditions France loisirs, DL 2018. - [Texte noté]
999    $a FRBNF16653464X $b 16653464
152    $b NP

