01211cx  a2200289   4500
001 331472
003 http://catalogue.bnf.fr/ark:/12148/cb17717208j
005 20240517061217.0
033    $a http://catalogue.bnf.fr/ark:/12148/cb17717208j
035    $a FRBNF177172088
100    $a 20180222afrey50      ba0
101 0  $a spa
102    $a XX
103    $a  1998               
106    $a 010
152    $c 2 $b SAUTTIT
154    $a |a
240    $a Bolaño $b Roberto $f 1953-2003 $9  0  $7 ba0yba0y $8 frespa $t Los detectives salvajes
300    $a Roman
440    $a Bolaño $b Roberto $f 1953-2003 $7 ba0yba0y $8 frefre $t Les détectives sauvages
686    $a 800 $c Histoire et critique littéraires $2 Note de regroupement par domaine
801    $a FR $b FR-751131015 $c 20180226
810    $a BNE Autoridades (sous : Bolaño, Roberto 1953-2003) : Los detectives salvajes - http://catalogo.bne.es/uhtbin/authoritybrowse.cgi (2018-02-26)
810    $a Encycl. universalis (sous : Bolaño, R.) : Les détectives sauvages - http://www.universalis-edu.com (2018-02-22)
856    $u http://catalogo.bne.es/uhtbin/authoritybrowse.cgi $e 2018-02-26
856    $u http://www.universalis-edu.com $e 2018-02-22
999    $a FRBNF177172088 $b 17717208

