01529cx  a2200313   4500
001 331616
003 http://catalogue.bnf.fr/ark:/12148/cb177753495
005 20240511063038.0
033    $a http://catalogue.bnf.fr/ark:/12148/cb177753495
035    $a FRBNF177753499
100    $a 20181117afrey50      ba0
101 0  $a rus
102    $a XX
103    $a  1961               
106    $a 010
152    $c 2 $b SAUTTIT
154    $a |a
240    $a Grossman $b Vasilij Semenovič $f 1905-1964 $9  0  $7 ba0yba0a $8 frerus $t Žiznʹ i sudʹba
300    $a Roman, second volet du diptyque sur Stalingrad. - Suite de "Pour une juste cause"
349    $r Edition $p Suisse $d 1980
349    $r Edition $d 1988
440    $a Grossman $b Vasilij Semenovič $f 1905-1964 $7 ba0yba0y $8 frefre $t Vie et destin
686    $a 800 $c Histoire et critique littéraires $2 Note de regroupement par domaine
740    $a Grossman $b Vasilij Semenovič $f 1905-1964 $9  0  $7 ba0yca0y $8 frerus $t Жизнь и судьба
801    $a FR $b FR-751131015 $c 20181119
810    $a Kasack, 1996 (sous : Grossman, Vasilij) : Žiznʹ i sudʹba
810    $a Histoire de la littérature russe, 3. Le XXe siècle. Gels et dégels / ouvrage dir. par Efim Etkind, Georges Nivat, Ilya Serman et Vittorio Strada,1990 (sous : Vassilij Grossman) : Vie et destin $a Laffont Bompiani, Auteurs, 1994 (sous : Grossman, Vassili) : Vie et destin $a Laffont Bompiani, Oeuvres, 1994 (sous : Vie et destin) : Žiznʹ i sudʹba
810    $a BnF Service russe, 2018-11-17
999    $a FRBNF177753499 $b 17775349

