01018nx  a2200289   4500
001 331750
003 http://catalogue.bnf.fr/ark:/12148/cb17970314n
005 20240508044629.0
010    $a 0000000503823464 $2 ISNI $d 20211006
033    $a http://catalogue.bnf.fr/ark:/12148/cb17970314n
035    $a FRBNF179703146
100    $a 20210928afrey50      ba0
101    $a eng
102    $a GB
103    $a  19..               
105    $a a
106    $a 1  
120    $a a
152    $c 2 $b NP
200    $7 ba0yba0y $8 fre    $9  0  $a Brosnan $b Katie
300 0  $a Autrice d'ouvrages pour la jeunesse
801    $a FR $b FR-751131015 $c 20210928
810    $a Le jardin du microbiote : explore le monde étonnant des bactéries / Katie Brosnan, DL 2021. - [Texte noté. Image fixe]
810    $a LC authorities : Brosnan, Katie -  https://lccn.loc.gov/no2020073834 (2021-09-28)
856    $u https://www.katiebrosnan.com/ $e 2021-09-28
856    $u  https://lccn.loc.gov/no2020073834 $e 2021-09-28
999    $a FRBNF179703146 $b 17970314

