00963nx  a2200277   4500
001 331856
003 http://catalogue.bnf.fr/ark:/12148/cb17738210r
005 20240511043229.0
010    $a 0000000465153171 $2 ISNI $d 20180606
033    $a http://catalogue.bnf.fr/ark:/12148/cb17738210r
035    $a FRBNF177382108
100    $a 20180531afrey50      ba0
101    $a fre
102    $a FR
103    $a  1964               
105    $a a
106    $a 1  
120    $a a
200    $7 ba0yba0y $8 fre    $9  0  $a Francesconi $b Isabelle $f 1964-....
300 0  $a Auteur d'ouvrages pour la jeunesse
801    $a FR $b FR-751131015 $c 20180531
810    $a Je cuisine les pieds sur terre / Isabelle Francesconi, Nicolas Gouny, 2018
810    $a Ricochet - http://ricochet-livres-jeunesse.fr/auteurs/isabelle-francesconi (2018-05-31)
856    $u http://ricochet-livres-jeunesse.fr/auteurs/isabelle-francesconi/ $e 2018-05-31
999    $a FRBNF177382108 $b 17738210
152    $b NP

