01265nx  a2200277   4500
001 331967
003 http://catalogue.bnf.fr/ark:/12148/cb178637530
005 20240517052500.0
033    $a http://catalogue.bnf.fr/ark:/12148/cb178637530
035    $a FRBNF178637533
100    $a 20200127afrey50      ba0
101 0  $a fre
102    $a XX
103    $a  1983               
106    $a 010
154    $a |a
240    $a Schuiten $b François $f 1956-.... $9  0  $7 ba0yba0y $8 frefre $t Les cités obscures
300    $a Catégorie de l'oeuvre : Oeuvres textuelles
300    $a Nature du contenu de l'oeuvre : Bande dessinée fantastique créée par le dessinateur François Schuiten et le scénariste Benoît Peeters. Se développe également sur internet depuis 1996 notamment sur les sites www.urbicande.be et www.ebbs.net.
349    $r Première édition $p Belgique $a Bruxelles $d 1983-09 $t Casterman
686    $a 800 $c Histoire et critique littéraires $2 Note de regroupement par domaine
801    $a FR $b FR-751131015 $c 20200127
810    $a Bédéthèque - https://www.bedetheque.com/serie-414-BD-Cites-obscures.html (2020-01-27)
856    $u https://www.bedetheque.com/serie-414-BD-Cites-obscures.html $e 2020-01-27
999    $a FRBNF178637533 $b 17863753
152    $b SAUTTIT

