01105cx  a2200277   4500
001 332076
003 http://catalogue.bnf.fr/ark:/12148/cb146493415
005 20240517053049.0
033    $a http://catalogue.bnf.fr/ark:/12148/cb146493415
035    $a FRBNF14649341X
100    $a 20050803afrey50      ba0
106    $a 211
152    $b SNC $c 2
159    $a rameau
250    $7 ba0yba0y $8 fre    $9     $a Cuisine (biscuits)
450    $7 ba0yba0y $8 fre    $9     $a Cuisine (cookies)
450    $7 ba0yba0y $8 fre    $9     $a Cuisine (gâteaux secs)
450    $7 ba0yba0y $8 fre    $9     $a Cuisine (Petit Beurre Lu)
550    $5 z $0 Voir aussi $3 11958002 $7 ba0yba0y $8 fre    $9     $a Biscuits
550    $5 h $3 16278075 $7 ba0yba0y $8 fre    $9     $a Cuisine (spéculos)
686    $a 640 $c Economie domestique, hôtellerie $2 Note de regroupement par domaine
801    $a FR $b FR-751131015 $c 20170322
810    $a Le véritable Petit Beurre Lu : recettes & anecdotes / C. Quévremont, 2013 $a Pépito : les 30 recettes culte / Orathay, 2013
822 11 $2 LCSH $d 2017-03-22
822 11 $2 RVMLaval $d 2017-03-22
999    $a FRBNF14649341X $b 14649341

