00795cx  a2200253   4500
001 332319
003 http://catalogue.bnf.fr/ark:/12148/cb179457955
005 20240519060835.0
010    $a 0000000502644827 $2 ISNI $d 20210602
033    $a http://catalogue.bnf.fr/ark:/12148/cb179457955
035    $a FRBNF179457958
100    $a 20210521afrey50      ba0
101    $a fre
102    $a ZZ $a FR $a DE
103    $a  19830503           
105    $a a
106    $a 1  
120    $a a
200    $7 ba0yba0y $8 fre    $9  0  $a Franck $b Géraldine $f 1983-....
300 0  $a Directrice adjointe dans le médico-social (en 2021)
801    $a FR $b FR-751131015 $c 20210527
810    $a Droits humains pour tou.te.s / ouvrage coordonné par Géraldine Franck, DL 2020
999    $a FRBNF179457958 $b 17945795
152    $b NP

