01654cx  a2200313   4500
001 332494
003 http://catalogue.bnf.fr/ark:/12148/cb166511864
005 20240519065724.0
033    $a http://catalogue.bnf.fr/ark:/12148/cb166511864
035    $a FRBNF166511861
100    $a 20121226afrey50      ba0
106    $a 211
152    $b SNC $c 2
159    $a rameau
250    $7 ba0yba0y $8 fre    $9     $a Dématérialisation (art)
450    $7 ba0yba0y $8 fre    $9     $a Art $x Dématérialisation
450    $7 ba0yba0y $8 fre    $9     $a Art dématérialisé
450    $7 ba0yba0y $8 fre    $9     $a Art sans objet
450    $7 ba0yba0y $8 fre    $9     $a Art sans support physique
450    $7 ba0yba0y $8 fre    $9     $a Immatérialité (art)
550    $5 g $3 11949199 $7 ba0yba0y $8 fre    $9     $a Art conceptuel
686    $a 700 $c Arts $2 Note de regroupement par domaine
801    $a FR $b FR-751131015 $c 20150109
810    $a Encycl. universalis (art. : Restauration (art contemporain)) - http://www.universalis.fr (2015-01-09)
810    $a Objets en procès : après la dématérialisation de l'art / I. Parvu, 2012 $a Une hist. de... la dématérialisation de l'oeuvre dans la création contemporaine : conférence à l'occasion de l'exposition "Une exposition sans textes" le 10 avril 2013 - http://www.jeudepaume.org (2015-01-09) $a Hist. matérielle et immatérielle de l'art moderne / F. de Mèredieu, 1994 : immatérialité $a Petit lexique de l'art contemporain / R. Atkins, 1992 (art. : Art conceptuel)
822 11 $2 LCSH $d 2015-01-09
856    $u http://www.universalis.fr $e 2015-01-09
856    $u http://www.jeudepaume.org $e 2015-01-09
999    $a FRBNF166511861 $b 16651186

