00802nx  a2200241   4500
001 332597
003 http://catalogue.bnf.fr/ark:/12148/cb16641781v
005 20240508041900.0
010    $a 0000000390681104 $2 ISNI $d 20160216
033    $a http://catalogue.bnf.fr/ark:/12148/cb16641781v
035    $a FRBNF166417814
100    $a 20121115afrey50      ba0
102    $a FR
103    $a  19..               
105    $a a
106    $a 1  
120    $a a
200    $7 ba0yba0y $8 fre    $9  0  $a Laville $b Nathalie
300 0  $a Réalisatrice
801    $a FR $b FR-751131015 $c 20121115
810    $a Deux tombes à char dans l'Oise / Nathalie Laville, réal. In Inrap reportages [Images animées]. Institut national de recherches archéologiques préventives, [2011]
999    $a FRBNF166417814 $b 16641781
152    $b NP

