00684cx  a2200241   4500
001 332773
003 http://catalogue.bnf.fr/ark:/12148/cb15888059g
005 20240511043631.0
033    $a http://catalogue.bnf.fr/ark:/12148/cb15888059g
035    $a FRBNF158880595
100    $a 20081226afrey50      ba0
101    $a fre
102    $a FR
103    $a  19600525           
105    $a a
106    $a 1  
120    $a b
200    $7 ba0yba0y $8 fre    $9  0  $a Simon $b Pascal $f 1960-....
300 0  $a Auteur d'ouvrages pour la jeunesse
801    $a FR $b FR-751131015 $c 20170720
810    $a La trêve de l'eau / P. Simon, A. Combes, DL 2008
999    $a FRBNF158880595 $b 15888059
152    $b NP

