00749cx  a2200265   4500
001 332890
003 http://catalogue.bnf.fr/ark:/12148/cb12931408q
005 20240511040320.0
010    $a 0000000109043427 $2 VIAF $d 20130730
033    $a http://catalogue.bnf.fr/ark:/12148/cb12931408q
035    $a FRBNF129314085
039    $o OPL $a 008226236
100    $a 19920623afrey50      ba0
101    $a ger
102    $a DE
103    $a  19..               
105    $a a
106    $a 1  
120    $a a
152    $c 2 $b NP
200    $7 ba0yba0y $8 fre    $9  0  $a Adam $b Cornelia
300 0  $a Journaliste indépendante
801    $a FR $b FR-751131015 $c 20050517
810    $a La cuisine pour deux / auteur, Cornelia Adam, 2005
999    $a FRBNF129314085 $b 12931408

