00913cx  a2200265   4500
001 333001
003 http://catalogue.bnf.fr/ark:/12148/cb16976434v
005 20240513035917.0
010    $a 0000000449935464 $2 ISNI $d 20161107
033    $a http://catalogue.bnf.fr/ark:/12148/cb16976434v
035    $a FRBNF16976434X
100    $a 20150706afrey50      ba0
101    $a fre
102    $a FR
103    $a  19630621           
105    $a a
106    $a 1  
120    $a a
200    $7 ba0yba0y $8 fre    $9  0  $a Aubry $b Isabelle $f 1963-....
300 0  $a Plasticienne et pédagogue. - Anime des ateliers de land art
801    $a FR $b FR-751131015 $c 20161122
810    $a 40 activités de land art [Texte imprimé] : maternelle et primaire / Isabelle Aubry. - Paris : Éditions la Plage, impr. 2015.
856    $u https://isabelle-aubry.wix.com/isabelle-aubry $e 2015-07-06
999    $a FRBNF16976434X $b 16976434
152    $b NP

