00807nx  a2200253   4500
001 333111
003 http://catalogue.bnf.fr/ark:/12148/cb17971176w
005 20240513034224.0
010    $a 0000000503826593 $2 ISNI $d 20211006
033    $a http://catalogue.bnf.fr/ark:/12148/cb17971176w
035    $a FRBNF179711762
100    $a 20211001afrey50      ba0
101    $a fre
102    $a FR
103    $a  19920415           
105    $a a
106    $a 1  
120    $a b
200    $7 ba0yba0y $8 fre    $9  0  $a Marty $b Hakan $f 1992-....
300 0  $a Éducateur spécialisé et directeur de colonie de vacances (en 2021)
801    $a FR $b FR-751131015 $c 20211001
810    $a Enfant mal placé / Hakan Marty. - Paris : Max Milo témoignage, DL 2021. - [Texte noté]
999    $a FRBNF179711762 $b 17971176
152    $b NP

