02442cx  a2200433   4500
001 333261
003 http://catalogue.bnf.fr/ark:/12148/cb12538180m
005 20240516051205.0
033    $a http://catalogue.bnf.fr/ark:/12148/cb12538180m
035    $a FRBNF125381802
039    $o OPL $a 012878251
100    $a 19961104afrey50      ba0
106    $a 211
152    $b SNC $c 2
159    $a rameau
250    $7 ba0yba0y $8 fre    $9     $a Cuisine $x Appareils et matériel
305 1  $a Voir aussi aux noms particuliers des appareils de cuisine, par ex. : Casseroles
330    $a Sous cette vedette, on trouve les documents généraux sur les appareils et le matériel utilisés en cuisine. Les documents sur ces appareils et ce matériel dans un lieu particulier se trouvent sous des vedettes-matière du type : Cuisine -- [Subdivision géographique] -- Appareils et matériel, par ex. : Cuisine -- France -- Appareils et matériel
450    $7 ba0yba0y $8 fre    $9     $a Appareils de cuisine
450    $7 ba0yba0y $8 fre    $9     $a Cuisine $x Appareils
450    $7 ba0yba0y $8 fre    $9     $a Cuisine $x Matériel
450    $7 ba0yba0y $8 fre    $9     $a Matériel de cuisine
550    $5 z $0 Voir aussi $3 11941323 $7 ba0yba0y $8 fre    $9     $a Appareils ménagers
550    $5 z $0 Voir aussi $3 12142415 $7 ba0yba0y $8 fre    $9     $a Cuisine $x Technique
550    $5 h $3 18057840 $7 ba0yba0y $8 fre    $9     $a Éviers (appareils sanitaires)
550    $5 h $3 13337214 $7 ba0yba0y $8 fre    $9     $a Appareils de cuisson (cuisine)
550    $5 h $3 12450367 $7 ba0yba0y $8 fre    $9     $a Lave-vaisselle
550    $5 h $3 16116766 $7 ba0yba0y $8 fre    $9     $a Poubelles
550    $5 h $3 13319161 $7 ba0yba0y $8 fre    $9     $a Réfrigérateurs
550    $5 h $3 11941385 $7 ba0yba0y $8 fre    $9     $a Trépieds
550    $5 h $3 11956938 $7 ba0yba0y $8 fre    $9     $a Ustensiles de cuisine
550    $5 g $3 11983060 $7 ba0yba0y $8 fre    $9     $a Économie domestique $x Appareils et matériel
686    $a 600 $c Sciences appliquées $2 Note de regroupement par domaine
686    $a 640 $c Economie domestique, hôtellerie $2 Note de regroupement par domaine
801    $a FR $b FR-751131015 $c 20161007
822 12 $a Cuisine -- Appareils et matériel $2 RVMLaval $d 2016-10-07
822 1  $a Cooking--Equipment and supplies $2 LCSH $u http://id.loc.gov/authorities/subjects/sh99002461 $d 2017-02-09
822 1  $a Kitchen appliances $2 LCSH $u http://id.loc.gov/authorities/subjects/sh99002432 $d 2017-02-09
999    $a FRBNF125381802 $b 12538180

