00804cx  a2200265   4500
001 333418
003 http://catalogue.bnf.fr/ark:/12148/cb12526016j
005 20240517052337.0
010    $a 0000000121388567 $2 VIAF $d 20130729
033    $a http://catalogue.bnf.fr/ark:/12148/cb12526016j
035    $a FRBNF125260163
039    $o OPL $a 012709397
100    $a 19960821afrey50      ba0
101    $a fre
102    $a FR
103    $a  19670617           
105    $a a
106    $a 1  
120    $a b
200    $7 ba0yba0y $8 fre    $9  0  $a Chabas $b Jean-François $f 1967-....
300 0  $a Romancier
801    $a FR $b FR-751131015 $c 20070928
810    $a Une moitiée de wasicun / Jean-François Chabas, 1995 $a L'ogre blanc : roman / Jean-François Chabas, 2002
999    $a FRBNF125260163 $b 12526016
152    $b NP

