00918cx  a2200277   4500
001 333564
003 http://catalogue.bnf.fr/ark:/12148/cb179383033
005 20240518062523.0
033    $a http://catalogue.bnf.fr/ark:/12148/cb179383033
035    $a FRBNF179383034
100    $a 20210413afrey50      ba0
101    $a fre
102    $a CA
103    $a  1982               
105    $a a
106    $a 1  
120    $a a
152    $c 2 $b NP
200    $7 ba0yba0y $8 fre    $9  0  $a Gagné $b Mireille $f 1982-....
300 0  $a Romancière, nouvelliste et poétesse
801    $a FR $b FR-751131015 $c 20210415
810    $a Le lièvre d'Amérique / Mireille Gagné, DL 2020
810    $a Bibliothèque nationale, catalogue, Québec - https://www.banq.qc.ca/accueil (2021-04-13)
856    $u https://www.mireillegagne.com/ $e 2021-04-13
856    $u https://www.banq.qc.ca/accueil/ $e 2021-04-13
999    $a FRBNF179383034 $b 17938303

