01500cx  a2200313   4500
001 333680
003 http://catalogue.bnf.fr/ark:/12148/cb12023371x
005 20240511060155.0
010    $a 0000000109281097 $2 VIAF $d 20130724
033    $a http://catalogue.bnf.fr/ark:/12148/cb12023371x
035    $a FRBNF120233714
039    $o OPL $a 002869827
100    $a 19860101afrey50      ba0
101    $a eng
102    $a US
103    $a  19470228           
105    $a a
106    $a 1  
120    $a b
152    $c 2 $b NP
200    $7 ba0yba0y $8 fre    $9  0  $a Miller $b Jim $f 1947-....
300 0  $a Diplômé en philosophie (Brandeis university, Mass.). - Critique littéraire et musical. - Professeur, spécialisé dans l'étude de la pensée libérale, New School for social research, NY (en 1995)
400    $7 ba0yba0y $8 fre    $9     $a Miller $b James $f 1947-....
400    $7 ba0yba0y $8 fre    $9     $a Miller $b James Edwin $f 1947-....
801    $a FR $b FR-751131015 $c 20030416
810    $a History and human existence / James Miller, 1979 $a Rousseau / James Miller, 1984 $a The Rolling Stone illustrated history of rock & roll : the definitive history of the most important artists and their music / ed. by Anthony DeCurtis and James Henke with Holly George-Warren ; original ed. Jim Miller, 1992 $a The passion of Michel Foucault / James Miller, 1993
810    $a LC Authorities - http://authorities.loc.gov (2003-04-16)
856    $u http://authorities.loc.gov $e 2003-04-16
999    $a FRBNF120233714 $b 12023371

