00865nx  a2200253   4500
001 333818
003 http://catalogue.bnf.fr/ark:/12148/cb179800230
005 20240510052438.0
010    $a 0000000504688356 $2 ISNI $d 20211124
033    $a http://catalogue.bnf.fr/ark:/12148/cb179800230
035    $a FRBNF179800232
100    $a 20211115afrey50      ba0
101    $a eng
102    $a GB
103    $a  19..               
105    $a a
106    $a 1  
120    $a a
152    $c 2 $b NP
200    $7 ba0yba0y $8 fre    $9  0  $a Purnell $b Sonia
300 0  $a Journaliste et biographe
801    $a FR $b FR-751131015 $c 20211115
810    $a La femme de l'ombre : les vies secrètes de Virginia Hall, l'ennemie n°1 de la Gestapo / Sonia Purnell ; traduit de l'anglais par Richard Robert. - Paris : Alisio histoire, DL 2021. - [Texte noté]
999    $a FRBNF179800232 $b 17980023

