00885cx  a2200265   4500
001 334004
003 http://catalogue.bnf.fr/ark:/12148/cb17876109s
005 20240509053011.0
010    $a 000000050396470X $2 ISNI $d 20211103
033    $a http://catalogue.bnf.fr/ark:/12148/cb17876109s
035    $a FRBNF17876109X
100    $a 20200610afrey50      ba0
101    $a fre
102    $a FR
103    $a  19..               
105    $a a
106    $a 1  
120    $a a
200    $7 ba0yba0y $8 fre    $9  0  $a Breuil-Salles $b Marine
300 0  $a Auteur d'ouvrages pour la jeunesse
400    $7 ba0yba0y $8 fre    $9     $a Salles $b Marine Breuil-
801    $a FR $b FR-751131015 $c 20200725
810    $a La Tour Eiffel : l'histoire de la Dame de fer / [texte, Marine Breuil-Salles]. - Paris : Quelle histoire, DL 2020. - [Texte noté. Image fixe]
999    $a FRBNF17876109X $b 17876109
152    $b NP

