00926cx  a2200289   4500
001 334150
003 http://catalogue.bnf.fr/ark:/12148/cb14565297s
005 20240515044609.0
010    $a 0000000109879072 $2 VIAF $d 20130802
033    $a http://catalogue.bnf.fr/ark:/12148/cb14565297s
035    $a FRBNF145652976
100    $a 20040830afrey50      ba0
101    $a eng
102    $a GB
103    $a  1974               
105    $a a
106    $a 1  
120    $a a
152    $c 2 $b NP
200    $7 ba0yba0y $8 fre    $9  0  $a Hall $b Sarah $f 1974-....
300 0  $a Romancière. - Vit en Caroline du Nord (en 2004)
301    $a Née à Cumbria (Royaume-Uni)
801    $a FR $b FR-751131015 $c 20150916
810    $a Le Michel-Ange électrique / Sarah Hall, 2004
810    $a Bibliothèque nationale, Grande-Bretagne - http://blpc.bl.uk (2005-02-09)
856    $u http://blpc.bl.uk $e 2005-02-09
999    $a FRBNF145652976 $b 14565297

