01065cx  a2200289   4500
001 334307
003 http://catalogue.bnf.fr/ark:/12148/cb14499547g
005 20240516051729.0
010    $a 0000000061384942 $2 VIAF $d 20130801
033    $a http://catalogue.bnf.fr/ark:/12148/cb14499547g
035    $a FRBNF144995477
100    $a 20031010afrey50      ba0
101    $a fre
102    $a FR
103    $a  19550303  20100701 
105    $a a
106    $a 1  
120    $a b
200    $7 ba0yba0y $8 fre    $9  0  $a Modéran $b Yves $f 1955-2010
300 0  $a Historien. - Ancien membre de l'École française de Rome. - Professeur  d'histoire romaine à l'Université de Caen
301    $a Bacy (Nord) $b Paris (15e)
801    $a FR $b FR-751131015 $c 20230603
810    $a L'Empire romain tardif : 235-395 ap. J.-C. / Yves Modéran, 2003
810    $a Monde, 2010-07-08 (faire-part de décès) $a INSEE, Fichier des décès - https://deces.matchid.io/search (2023-06-03)
856    $u https://deces.matchid.io/search $e 2023-06-03
999    $a FRBNF144995477 $b 14499547
152    $b NP

