00853cx  a2200253   4500
001 334522
003 http://catalogue.bnf.fr/ark:/12148/cb152417366
005 20240513033447.0
033    $a http://catalogue.bnf.fr/ark:/12148/cb152417366
035    $a FRBNF152417366
039    $o OPP $a 15228557 $d 20100313
039    $o OPP $a 15228556 $d 20100721
100    $a 19900216afrey50      ba0
103    $a  1790               
106    $a 11 
123    $d E0031100 $e E0042900 $f N0452400 $g N0444700
152    $b SNG
159    $a AFNOR NF Z44-081
160    $a e-fr
215    $7 ba0yba0y $8 frefre $9  1  $a Haute-Loire, Département de la (France)
356    $a Coordonnées géographiques : E 3°11' - E 4°29' / N 45°24' - N 44°47'
415    $7 ba0yba0y $8 frefre $9     $a 43, Département (France)
801    $a FR $b FR-751131015 $c 20100721
999    $a FRBNF152417366 $b 15241736

