00841cx  a2200241   4500
001 334730
003 http://catalogue.bnf.fr/ark:/12148/cb14547841w
005 20240510071401.0
033    $a http://catalogue.bnf.fr/ark:/12148/cb14547841w
035    $a FRBNF145478415
039    $o OPP $a 14965057 $d 20160222
100    $a 20040602afrey50      ba0
102    $a FR
103    $a  1970      ....     
105    $a a
106    $a 1  
120    $a a
200    $7 ba0yba0y $8 fre    $9  0  $a Vérillon $b Vanessa $f 1970-....
300 0  $a Illustratrice. - Affichiste
801    $a FR $b FR-751131015 $c 20160222
810    $a On rêve d'avoir un chat / Claude Helft ; ill. par Vanessa Vérillon, 2004 $a BnF, Paris, département des Estampes et de la photographie, [Recueil. Affiches. Vanessa Vérillon] [Image fixe]
999    $a FRBNF145478415 $b 14547841
152    $b NP

