00688cx  a2200217   4500
001 334851
003 http://catalogue.bnf.fr/ark:/12148/cb119439795
005 20240508050220.0
033    $a http://catalogue.bnf.fr/ark:/12148/cb119439795
035    $a FRBNF119439795
039    $o OPL $a 001682575
100    $a 19820405afrey50      ba0
106    $a 211
152    $b SNC $c 2
159    $a rameau
250    $7 ba0yba0y $8 fre    $9     $a Biographes
550    $5 h $3 14476232 $7 ba0yba0y $8 fre    $9     $a Hagiographes
580  0 $5 z $0 Voir aussi $3 11935764 $7 ba0yba0y $8 fre    $9     $a Biographie
801    $a FR $b FR-751131015 $c 19890925
822 12 $a Biographes $2 RVMLaval $d 1989-09-25
999    $a FRBNF119439795 $b 11943979

