01645cx  a2200325   4500
001 334956
003 http://catalogue.bnf.fr/ark:/12148/cb121053010
005 20240510053226.0
033    $a http://catalogue.bnf.fr/ark:/12148/cb121053010
035    $a FRBNF121053014
039    $o OPL $a 004451634
100    $a 19890301afrey50      ba0
106    $a 210
152    $b SNC $c 2
159    $a rameau
250    $7 ba0yba0y $8 fre    $9     $a Civilisation $y Hongrie
305 1  $a Voir aussi la subdivision Influence hongroise [sans subd. géogr.] aux groupes ethniques et sujets noms communs appropriés (artistiques, culturels, littéraires et de civilisation en général), par ex. : Pologne -- Civilisation -- Influence hongroise
415    $7 ba0yba0y $8 fre    $9     $a Hongrie $x Civilisation
550    $5 z $0 Voir aussi $3 11932040 $7 ba0yba0y $8 fre    $9     $a Hongrie
550    $5 z $0 Voir aussi $3 12105308 $7 ba0yba0y $8 fre    $9     $a Influence hongroise
550    $5 h $3 13746090 $7 ba0yba0y $8 fre    $9     $a Vin de Hongrie
550    $5 h $3 12369493 $7 ba0yba0y $8 fre    $9     $a Cuisine hongroise
550    $5 h $3 16574550 $7 ba0yba0y $8 fre    $9     $a Art $y Hongrie
580  0 $5 h $3 13162916 $7 ba0yba0y $8 fre    $9     $a Littérature hongroise
580  0 $5 h $3 16727793 $7 ba0yba0y $8 fre    $9     $a Musique traditionnelle $y Hongrie
686    $a 940 $c Histoire médiévale, moderne et contemporaine (sauf la France) $2 Note de regroupement par domaine
801    $a FR $b FR-751131015 $c 20140808
822 12 $a Hongrie -- Civilisation $2 RVMLaval $d 2014-08-08
822 12 $a Hungary--Civilization $2 LCSH $u http://id.loc.gov/authorities/subjects/sh85063025 $d 2017-02-09
999    $a FRBNF121053014 $b 12105301

