00912nx  a2200253   4500
001 335067
003 http://catalogue.bnf.fr/ark:/12148/cb179960647
005 20240517051704.0
010    $a 0000000370403166 $2 ISNI $d 20220209
033    $a http://catalogue.bnf.fr/ark:/12148/cb179960647
035    $a FRBNF179960646
100    $a 20220204afrey50      ba0
101    $a fre
102    $a FR
103    $a  19..               
105    $a a
106    $a 1  
120    $a a
200    $7 ba0yba0y $8 fre    $9  0  $a Labrecque $b Anne-Marie
300 0  $a Titulaire d'une maîtrise et d'un doctorat en éducation. - Enseignante à l'école primaire (en 2021)
801    $a FR $b FR-751131015 $c 20220204
810    $a Le monde des lettres / par Anne-Marie Labrecque ; illustrations, Mathieu Dionne St-Arneault.... - Montrouge : Bayard jeunesse, DL 2021. - [Texte noté. Image fixe]
999    $a FRBNF179960646 $b 17996064
152    $b NP

