00908cx  a2200277   4500
001 335178
003 http://catalogue.bnf.fr/ark:/12148/cb16221452b
005 20240516052411.0
010    $a 000000003772197X $2 ISNI $d 20150312
033    $a http://catalogue.bnf.fr/ark:/12148/cb16221452b
035    $a FRBNF162214528
039    $o OPL $a 014602554
039    $o OPP $a 13504523 $d 20160314
100    $a 20100803afrey50      ba0
101    $a fre
102    $a FR
103    $a  19..               
105    $a a $a p
106    $a 1  
120    $a b
200    $7 ba0yba0y $8 fre    $9  0  $a Khalfa $b Pierre
300 0  $a Porte parole de l'Union syndicale solidaires (en 2010)
801    $a FR $b FR-751131015 $c 20160314
810    $a Retraites, l'heure de vérité / Attac, Fondation Copernic, impr. 2010 ; Jean-Marie Harribey, Pierre Khalfa, Christiane Marty, coordinateurs
999    $a FRBNF162214528 $b 16221452
152    $b NP

