01213cx  a2200325   4500
001 335284
003 http://catalogue.bnf.fr/ark:/12148/cb12292510t
005 20240504073859.0
010    $a 0000000120269304 $2 VIAF $d 20130726
033    $a http://catalogue.bnf.fr/ark:/12148/cb12292510t
035    $a FRBNF122925106
039    $o OPL $a 00871558X
039    $o OPL $a 012036680
039    $o OPP $a 17189022 $d 20180517
100    $a 19930125afrey50      ba0
101    $a fre
102    $a FR
103    $a  19540103           
105    $a a $a p $a i
106    $a 1  
120    $a a
200    $7 ba0yba0y $8 fre    $9  0  $a Audin $b Michèle $f 1954-....
300 0  $a Ecrit aussi en anglais
300 0  $a Mathématicienne. - En poste à l'IRMA, Institut de recherche mathématique avancée, Université Louis Pasteur, Strasbourg (en 1991)
801    $a FR $b FR-751131015 $c 20230602
810    $a The topology of torus action on symplectic manifolds / M. Audin, 1991 $a Geometry / Michèle Audin, 2003
810    $a Le dictionnaire universel des créatrices / Béatrice Didier, Antoinette Fouque, Mireille Calle-Gruber, 2013
856    $u https://micheleaudin.com/ $e 2023-06-02
999    $a FRBNF122925106 $b 12292510
152    $b NP

