00904cx  a2200289   4500
001 335388
003 http://catalogue.bnf.fr/ark:/12148/cb161792308
005 20240510052445.0
010    $a 0000000077213750 $2 VIAF $d 20130807
033    $a http://catalogue.bnf.fr/ark:/12148/cb161792308
035    $a FRBNF161792301
100    $a 20100210afrey50      ba0
101    $a fre
102    $a FR
103    $a  19750122           
105    $a a $a c
106    $a 010
120    $a b
200    $7 ba0yba0y $8 fre    $9  0  $a Cirotteau $b Thomas $f 1975-....
300    $a Réalisateur, scénariste et ingénieur du son
301    $a Paris
801    $a FR $b FR-751131015 $c 20130702
810    $a Imdb - http://www.imdb.com (2010-02-10)
810    $a Din 16538/39 (Paris) [Images animées] / Thomas Cirotteau, comp., cop. 1999
856    $u http://www.imdb.com $e 2010-02-10
999    $a FRBNF161792301 $b 16179230
152    $b NP

