00870cx  a2200277   4500
001 335498
003 http://catalogue.bnf.fr/ark:/12148/cb17937810h
005 20240516052518.0
010    $a 000000049339532X $2 ISNI $d 20210414
033    $a http://catalogue.bnf.fr/ark:/12148/cb17937810h
035    $a FRBNF179378101
100    $a 20210409afrey50      ba0
101    $a eng
102    $a ZZ $a GB $a US
103    $a  19760531           
105    $a a
106    $a 1  
120    $a b
152    $c 2 $b NP
200    $7 ba0yba0y $8 fre    $9  0  $a Stuart $b Douglas $f 1976-....
300 0  $a Écrivain. - Styliste-modéliste
801    $a FR $b FR-751131015 $c 20210409
810    $a Shuggie Bain / Douglas Stuart, 2020
810    $a LC Authorities - https://lccn.loc.gov/n2019051092 (2021-04-09)
856    $u https://lccn.loc.gov/n2019051092 $e 2021-04-09
999    $a FRBNF179378101 $b 17937810

