00763nx  a2200253   4500
001 335613
003 http://catalogue.bnf.fr/ark:/12148/cb17718831z
005 20240504075000.0
010    $a 0000000464640488 $2 ISNI $d 20180307
033    $a http://catalogue.bnf.fr/ark:/12148/cb17718831z
035    $a FRBNF177188313
100    $a 20180302afrey50      ba0
101    $a fre $t eng
102    $a FR
103    $a  19..               
105    $a a
106    $a 1  
120    $a a
200    $7 ba0yba0y $8 fre    $9  0  $a Vattaire $b Marie
300 0  $a Traductrice
801    $a FR $b FR-751131015 $c 20180302
810    $a Le livre des abeilles / [auteur et illustratrice : Charlotte Milner] ; [traduction : Marie Vattaire], 2018
999    $a FRBNF177188313 $b 17718831
152    $b NP

