01342cx  a2200265   4500
001 335722
003 http://catalogue.bnf.fr/ark:/12148/cb171489774
005 20240504075135.0
010    $a 0000000502730311 $2 ISNI $d 20210630
033    $a http://catalogue.bnf.fr/ark:/12148/cb171489774
035    $a FRBNF171489772
100    $a 20170906afrey50      ba0
102    $a US
103    $a  19..               
105    $a a
106    $a 1  
120    $a b
152    $c 2 $b NP
200    $7 ba0yba0y $8 fre    $9  0  $a Shaner $b Evan
300 0  $a Dessinateur de bandes dessinées
801    $a FR $b FR-751131015 $c 20220309
810    $a On n'est pas des bêtes ! [Texte imprimé] / scénario, Gerry Duggan, Ben Acker, Ben Blacker... [et al.] ; [dessin de] Scott Kolins, Evan Shaner, Salva Espin... ; traduction, Jérémy Manesse.... - Nice : Panini comics, DL 2017. $a Trains, esprits et résidus fantomatiques / scénario, Erik Burnham ; illustrations, Dan Schoening et Doc Shaner.... - [Vannes-sur-Cosson] : Ed. Flamival, DL 2020. - [Texte noté. Image fixe] $a Original sin / dessin, Scott Koblish, John Lucas, Evan "Doc" Shaner. - Vanves : Hachette collection, DL 2021.
810    $a LC authorities : Shaner, Evan - https://lccn.loc.gov/no2014128144 (2021-06-21)
856    $u https://lccn.loc.gov/no2014128144 $e 2021-06-21
999    $a FRBNF171489772 $b 17148977

