01124cx  a2200289   4500
001 335843
003 http://catalogue.bnf.fr/ark:/12148/cb119345046
005 20240516020033.0
033    $a http://catalogue.bnf.fr/ark:/12148/cb119345046
035    $a FRBNF119345043
039    $o OPL $a 001558385
100    $a 19810212afrey50      ba0
106    $a 211
152    $b SNC $c 2
159    $a rameau
250    $7 ba0yba0y $8 fre    $9     $a Métayage
450    $7 ba0yba0y $8 fre    $9     $a Colonat partiaire
550    $5 z $0 Voir aussi $3 11987441 $7 ba0yba0y $8 fre    $9     $a Colonat
550    $5 g $3 11950050 $7 ba0yba0y $8 fre    $9     $a Baux ruraux
550    $5 g $3 11973449 $7 ba0yba0y $8 fre    $9     $a Contrats agricoles
550    $5 g $3 11936696 $7 ba0yba0y $8 fre    $9     $a Propriété foncière
686    $a 330 $c Economie $2 Note de regroupement par domaine
686    $a 630 $c Agriculture, élevage $2 Note de regroupement par domaine
801    $a FR $b FR-751131015 $c 20020208
822 12 $a Métayage $2 RVMLaval $d 2002-02-08
822 1  $a Sharecropping $2 LCSH $u http://id.loc.gov/authorities/subjects/sh85121129 $d 2017-02-09
999    $a FRBNF119345043 $b 11934504

