00769nx  a2200253   4500
001 335949
003 http://catalogue.bnf.fr/ark:/12148/cb17051851h
005 20240505023220.0
010    $a 0000000459635721 $2 ISNI $d 20170201
033    $a http://catalogue.bnf.fr/ark:/12148/cb17051851h
035    $a FRBNF17051851X
100    $a 20160609afrey50      ba0
101    $a fre
102    $a FR
103    $a  19740708           
105    $a a
106    $a 1  
120    $a a
200    $7 ba0yba0y $8 fre    $9  0  $a Duval $b Juliette $f 1974-....
300 0  $a Romancière
801    $a FR $b FR-751131015 $c 20160609
810    $a Ma rock star, son chat et moi  [Texte imprimé] / Juliette Duval. - Paris : Éditions addictives, DL 2016.
999    $a FRBNF17051851X $b 17051851
152    $b NP

