00894nx  a2200277   4500
001 336059
003 http://catalogue.bnf.fr/ark:/12148/cb177418071
005 20240508050246.0
010    $a 0000000467618542 $2 ISNI $d 20180620
033    $a http://catalogue.bnf.fr/ark:/12148/cb177418071
035    $a FRBNF177418077
100    $a 20180614afrey50      ba0
101    $a eng
102    $a XX
103    $a  19..               
105    $a a
106    $a 1  
120    $a a
152    $c 2 $b NP
200    $7 ba0yba0y $8 fre    $9  0  $a De Leon $b Mye
300 0  $a Artiste du lettering
400    $7 ba0yba0y $8 fre    $9     $a Leon $b Mye de
801    $a FR $b FR-751131015 $c 20180614
810    $a Lettrage [Texte imprimé] : techniques et inspirations / Mye De Leon. - Issy-les-Moulineaux : Éditions "Marie Claire", DL 2017.
856    $u http://www.myedeleon.com $e 2018-06-14
999    $a FRBNF177418077 $b 17741807

