00848cx  a2200253   4500
001 336162
003 http://catalogue.bnf.fr/ark:/12148/cb169217395
005 20240519073858.0
010    $a 0000000442453905 $2 ISNI $d 20161107
033    $a http://catalogue.bnf.fr/ark:/12148/cb169217395
035    $a FRBNF169217391
100    $a 20141103afrey50      ba0
101    $a fre
102    $a FR
103    $a  19..               
105    $a a
106    $a 1  
120    $a a
200    $7 ba0yba0y $8 fre    $9  0  $a Simon $b Marine
300 0  $a Consultante, formatrice en intelligence collective
801    $a FR $b FR-751131015 $c 20141103
810    $a Quelle chance, une tuile ! [Texte imprimé] : de l'intention positive de la vie derrière nos déconvenues / Marine Simon. - Gap : le Souffle d'or, impr. 2014.
999    $a FRBNF169217391 $b 16921739
152    $b NP

