01729cx  a2200277   4500
001 336265
003 http://catalogue.bnf.fr/ark:/12148/cb15748430v
005 20240514033244.0
010    $a 0000000002120787 $2 VIAF $d 20130806
033    $a http://catalogue.bnf.fr/ark:/12148/cb15748430v
035    $a FRBNF157484301
100    $a 20080806afrey50      ba0
101    $a fre
102    $a FR
103    $a  198009             
105    $a a
106    $a 1  
120    $a a
200    $7 ba0yba0y $8 fre    $9  0  $a Jarbouai $b Leïla $f 1980-....
300 0  $a Conservatrice du patrimoine. - Historienne de l'art et commissaire d'expositions. - En poste à la Maison de Victor Hugo, Paris et Hauteville House, Guernesey, Grande-Bretagne (en 2010) ; au Musée d'Orsay, chargée des arts graphiques, depuis 2012 (en 2017)
801    $a FR $b FR-751131015 $c 20230928
810    $a Design contemporain finlandais : promenons-nous dans le bois : [exposition, Paris, Arts décoratifs, 28 mai-31 août 2008] / [textes de Frédéric Bodet, Marianne Brabant, Leila Jarbouai], impr. 2008 $a Hauteville House : guide / [publié par la Maison de Victor Hugo] ; [rédigé par Leïla Jarbouai et Gérard Pouchain], impr. 2010 $a Des vies et des visages... : [exposition, Metz..., 2017] / [catalogue] sous la direction de Leïla Jarbouai  et Claire Meunier, DL 2017 $a Rosa Bonheur, le regard des animaux / Leila Jarbouai, Sandra Buratti-Hasan, DL 2022
810    $a Musée des arts décoratifs - http://www.lesartsdecoratifs.fr/fr/11editions/01catalogues/design-finlandais/page01.html (2008-08-06)
856    $u http://www.lesartsdecoratifs.fr/fr/11editions/01catalogues/design-finlandais/page01.html $e 2008-08-06
999    $a FRBNF157484301 $b 15748430
152    $b NP

00198    a2200097   4500
001 336374
005 20220825102633.0
200    $a Havette
801    $a FR $b 595126101 $c 20220825
100    $a 20220825afrey50      ba0
152    $b NP

00250    a2200097   4500
001 336499
005 20220920123559.0
210    $a Société industrielle de spécialités alimentaires $c Paris
801    $a FR $b 595126101 $c 20220920
100    $a 20220920afrey50      ba0
152    $b CO

