01107cx  a2200289   4500
001 336604
003 http://catalogue.bnf.fr/ark:/12148/cb12653584g
005 20240507052233.0
033    $a http://catalogue.bnf.fr/ark:/12148/cb12653584g
035    $a FRBNF126535840
039    $o OPL $a 002085704
100    $a 19850620afrey50      ba0
106    $a 211
152    $b SNC $c 2
159    $a rameau
250    $7 ba0yba0y $8 fre    $9     $a Canyons
450    $7 ba0yba0y $8 fre    $9     $a Cañons (géographie)
550    $5 z $0 Voir aussi $3 12114404 $7 ba0yba0y $8 fre    $9   2 $a Canyoning
550    $5 h $3 17722940 $7 ba0yba0y $8 fre    $9     $a Canyons $x [Localisations géographiques]
550    $5 h $3 11983137 $7 ba0yba0y $8 fre    $9   2 $a Gorges (géographie)
550    $5 g $3 11980512 $7 ba0yba0y $8 fre    $9   2 $a Vallées
686    $a 550 $c Sciences de la Terre $2 Note de regroupement par domaine
801    $a FR $b FR-751131015 $c 20010126
810    $a Dict. géol., 1988
822 12 $a Canyons $2 RVMLaval $d 2001-01-26
822 12 $a Canyons $2 LCSH $u http://id.loc.gov/authorities/subjects/sh85019838 $d 2017-02-09
999    $a FRBNF126535840 $b 12653584

