00821nx  a2200241   4500
001 336712
003 http://catalogue.bnf.fr/ark:/12148/cb18009316n
005 20240514033341.0
010    $a 0000000506832745 $2 ISNI $d 20220427
033    $a http://catalogue.bnf.fr/ark:/12148/cb18009316n
035    $a FRBNF180093163
100    $a 20220419afrey50      ba0
101    $a fre $t eng
102    $a FR
103    $a  19..               
105    $a a
106    $a 1  
120    $a a
200    $7 ba0yba0y $8 fre    $9  0  $a Pouzargues $b Anne
801    $a FR $b FR-751131015 $c 20220419
810    $a Les racines de la violence : 11 portraits de criminels / Dr Gwen Adshead et Eileen Horne ; traduit de l'anglais (Grande-Bretagne) par Anne Pouzargues. - Paris : Kero, DL 2022. - [Texte noté]
999    $a FRBNF180093163 $b 18009316
152    $b NP

