01953cx  a2200385   4500
001 336822
003 http://catalogue.bnf.fr/ark:/12148/cb11966809v
005 20240516052335.0
033    $a http://catalogue.bnf.fr/ark:/12148/cb11966809v
035    $a FRBNF119668096
039    $o OPL $a 001992798
100    $a 19841019afrey50      ba0
106    $a 211
152    $b SNC $c 2
159    $a rameau
250    $7 ba0yba0y $8 fre    $9     $a Béguines (religion)
450    $7 ba0yba0y $8 fre    $9     $a Communautés béguinales
450    $7 ba0yba0y $8 fre    $9     $a Communautés de béguines
450    $7 ba0yba0y $8 fre    $9     $a Mouvement des béguines
550    $5 z $0 Voir aussi $3 17832870 $7 ba0yba0y $8 fre    $9     $a Beatas
550    $5 z $0 Voir aussi $3 12181145 $7 ba0yba0y $8 fre    $9     $a Béguinages
550    $5 z $0 Voir aussi $3 11942391 $7 ba0yba0y $8 fre    $9     $a Bégards
550    $5 z $0 Voir aussi $3 11968220 $7 ba0yba0y $8 fre    $9     $a Ordres monastiques et religieux chrétiens féminins
550    $5 g $3 12214368 $7 ba0yba0y $8 fre    $9     $a Chrétiennes
550    $5 g $3 11965547 $7 ba0yba0y $8 fre    $9     $a Communautés chrétiennes
686    $a 200 $c Religion (ouvrages généraux et comparatifs) $2 Note de regroupement par domaine
686    $a 300 $c Sciences sociales $2 Note de regroupement par domaine
686    $a 305 $2 Note de regroupement par domaine
801    $a FR $b FR-751131015 $c 20161216
810    $a Grand Larousse universel $a Encycl. universalis - http://www.universalis-edu.com (2016-12-16)
810    $a Le nouveau Théo : l'encycl. catholique pour tous / M. Dubost, S. Lalanne, 2009 $a Dict. des mots de la foi chrétienne / O. de La Brosse, A. M. Henry, P. Rouillard, 1992 $a Les mots du christianisme / D. Le Tourneau, 2005
822 12 $a Beguines $2 LCSH $u http://id.loc.gov/authorities/subjects/sh85012892 $d 2016-12-16
822 12 $a Béguines $2 RVMLaval $d 2016-12-16
856    $u http://www.universalis-edu.com $e 2016-12-16
999    $a FRBNF119668096 $b 11966809

