01165cx  a2200301   4500
001 336940
003 http://catalogue.bnf.fr/ark:/12148/cb13502282n
005 20240516053745.0
010    $a 000000003890126X $2 ISNI $d 20150312
010    $y 0000000119534924 $2 VIAF $d 20130730
033    $a http://catalogue.bnf.fr/ark:/12148/cb13502282n
035    $a FRBNF135022826
039    $o OPL $a 014456327
100    $a 19990611afrey50      ba0
101    $a eng
102    $a US
103    $a  19500629           
105    $a a
106    $a 1  
120    $a b
152    $c 2 $b NP
200    $7 ba0yba0y $8 fre    $9  0  $a Richardson $b Mike $f 1950-....
300 0  $a Écrivain, auteur de bandes dessinées et producteur de films
801    $a FR $b FR-751131015 $c 20121203
810    $a The mask / [texte par] Mike Richardson ; [dessin par] Kilian Plunkett ; [scénario par Mike Werb] ; [d'après une histoire de Michael Fallon et Mark Verheiden] ; traduction française de Frank Reichert, [1995]
810    $a LC Authorities : Richardson, Mike, 1950-.... - http://authorities.loc.gov (2012-12-03)
856    $u http://authorities.loc.gov/ $e 2012-12-03
999    $a FRBNF135022826 $b 13502282

