00760nx  a2200241   4500
001 337050
003 http://catalogue.bnf.fr/ark:/12148/cb121472162
005 20240505022140.0
010    $a 0000000059573584 $2 ISNI $d 20131217
033    $a http://catalogue.bnf.fr/ark:/12148/cb121472162
035    $a FRBNF121472165
039    $o OPL $a 005059230
100    $a 19900518afrey50      ba0
101    $a fre
102    $a XX
105    $a a
106    $a 1  
152    $c 2 $b NP
200    $7 ba0yba0y $8 fre    $9  0  $a Aeberhard $b Patrick
300 0  $a Président d'honneur de Médecins du monde (en 1989)
801    $a FR $b FR-751131015 $c 19900518
810    $a "Si tous les enfants du monde" / Médecins du monde ; [collab. de] P. Aeberhard, 1989
999    $a FRBNF121472165 $b 12147216

