01553cx  a2200325   4500
001 337156
003 http://catalogue.bnf.fr/ark:/12148/cb119651833
005 20240514033816.0
033    $a http://catalogue.bnf.fr/ark:/12148/cb119651833
035    $a FRBNF119651830
039    $o OPL $a 001970218
100    $a 19910218afrey50      ba0
106    $a 211
152    $b SNC $c 2
159    $a rameau
180    $a b
280  0 $7 ba0yba0y $8 fre    $9     $a Roman européen
305 1  $a Voir aussi aux romans des pays et régions d'Europe, par ex. : Roman estonien ; Roman scandinave
330    $a Sous cette vedette, on trouve les recueils de romans européens de divers pays ou en diverses langues. Les romans européens du Moyen âge se trouvent sous Roman médiéval
580  0 $5 h $3 13186248 $7 ba0yba0y $8 fre    $9     $a Roman d'éducation européen
580  0 $5 h $3 15590419 $7 ba0yba0y $8 fre    $9     $a Roman européen pour la jeunesse
580  0 $5 h $3 16150836 $7 ba0yba0y $8 fre    $9     $a Roman historique européen
580  0 $5 h $3 17908440 $7 ba0yba0y $8 fre    $9     $a Roman psychologique européen
580  0 $5 h $3 17167842 $7 ba0yba0y $8 fre    $9     $a Roman sentimental européen
580  0 $5 g $3 11932276 $7 ba0yba0y $8 fre    $9     $a Littérature européenne
686    $a 800 $c Histoire et critique littéraires $2 Note de regroupement par domaine
801    $a FR $b FR-751131015 $c 20201203
822 12 $a European fiction $2 LCSH $u http://id.loc.gov/authorities/subjects/sh85045815 $d 2020-12-03
822 12 $a Roman européen $2 RVMLaval $d 2020-12-03
999    $a FRBNF119651830 $b 11965183

