01323cx  a2200325   4500
001 337267
003 http://catalogue.bnf.fr/ark:/12148/cb11913880g
005 20240511050216.0
010    $a 0000000108814234 $2 VIAF $d 20131024
033    $a http://catalogue.bnf.fr/ark:/12148/cb11913880g
035    $a FRBNF11913880X
039    $o OPL $a 001063683 $z APP
039    $o OPL $a 010948103 $z AMA
100    $a 19830125afrey50      ba0
101    $a fre
102    $a FR
103    $a  18980426  19891106 
105    $a a
106    $a 010
120    $a a
200    $7 ba0yba0y $8 fre    $9  0  $a Magdeleine de Jésus $f 1898-1989 $c petite sœur de Jésus
300    $a Fondatrice de la Fraternité des petites sœurs de Jésus (1939)
400    $7 ba0yba0y $8 fre    $9     $a Hutin $b Magdeleine $f 1898-1989
400    $5 i $7 ba0yba0y $8 fre    $9     $a Magdeleine $f 1898-1989 $c petite sœur de Jésus
686    $a 200 $c Religion (ouvrages généraux et comparatifs) $2 Note de regroupement par domaine
801    $a FR $b FR-751131015 $c 20051215
810    $a Historique des Petites sœurs de Jésus / petite sœur Magdeleine de Jésus, 1981-
810    $a Au-delà des frontières ! vie et spiritualité de petite sœur Magdeleine / Angelika Daiker ; traduction par petite sœur Janine-Rose de Jésus, 2005
999    $a FRBNF11913880X $b 11913880
152    $b NP

