00990cx  a2200253   4500
001 337402
003 http://catalogue.bnf.fr/ark:/12148/cb169230251
005 20240511050247.0
010    $a 0000000442435272 $2 ISNI $d 20181003
033    $a http://catalogue.bnf.fr/ark:/12148/cb169230251
035    $a FRBNF169230257
100    $a 20141107afrey50      ba0
101    $a fre $t eng
102    $a FR
103    $a  19510717           
105    $a a
106    $a 1  
120    $a a
200    $7 ba0yba0y $8 fre    $9  0  $a Bobée $b Régine $f 1951-....
300 0  $a Auteur de livres jeunesse. - Nouvelliste
801    $a FR $b FR-751131015 $c 20200727
810    $a Under the great wave [Texte imprimé] : Katsushika Hokusai / Hélène Kérillis ; adaptation, Régine Bobée ; [conception graphique de] TroisFoisPlus communication. - . - [Bordeaux] : Léon-Art & stories, DL 2014. $a Sens dessus dessous / Chantal Couliou, Choupie Moysan, Régine Bobée, DL2018
999    $a FRBNF169230257 $b 16923025
152    $b NP

