00823cx  a2200253   4500
001 337550
003 http://catalogue.bnf.fr/ark:/12148/cb145498610
005 20240511075417.0
010    $a 000000000295540X $2 ISNI $d 20150312
033    $a http://catalogue.bnf.fr/ark:/12148/cb145498610
035    $a FRBNF145498617
100    $a 20040611afrey50      ba0
101    $a fre
102    $a FR
103    $a  19..      ....     
105    $a a
106    $a 1  
120    $a b
200    $7 ba0yba0y $8 fre    $9  0  $a Hoye $b Geneviève d'
400    $7 ba0yba0y $8 fre    $9     $a D'Hoye $b Geneviève
801    $a FR $b FR-751131015 $c 20040618
810    $a La cote des lithos, gravures, affiches, tapisseries, sculptures, bronzes : 2004-2005 / Akoun ; avec la collab. de Geneviève d'Hoye, 2003
999    $a FRBNF145498617 $b 14549861
152    $b NP

