00775cx  a2200241   4500
001 337721
003 http://catalogue.bnf.fr/ark:/12148/cb119154440
005 20240513021550.0
010    $a 0000000025403384 $2 VIAF $d 20130724
033    $a http://catalogue.bnf.fr/ark:/12148/cb119154440
035    $a FRBNF119154440
039    $o OPL $a 00110480X
100    $a 19790312afrey50      ba0
101    $a fre
102    $a FR
105    $a a
106    $a 1  
200    $7 ba0yba0y $8 fre    $9  0  $a Mehl $b Dominique
300 0  $a Sociologue au Centre d'Étude des mouvements sociaux (CNRS-EHESS) (en 1992)
801    $a FR $b FR-751131015 $c 19921028
810    $a La fenêtre et le miroir : la télévision et ses programmes / Dominique Mehl, 1992
999    $a FRBNF119154440 $b 11915444
152    $b NP

