00789nx  a2200241   4500
001 337856
003 http://catalogue.bnf.fr/ark:/12148/cb13527045h
005 20240514064811.0
010    $a 000000004731282X $2 VIAF $d 20130730
033    $a http://catalogue.bnf.fr/ark:/12148/cb13527045h
035    $a FRBNF135270451
039    $o OPL $a 01449799X
100    $a 19990706afrey50      ba0
101    $a fre
102    $a FR
105    $a a
106    $a 1  
200    $7 ba0yba0y $8 fre    $9  0  $a Courtin $b Brice
300 0  $a Agrégé de lettres classiques. - Professeur au lycée Marc Bloch de Val du Reuil, Eure (en 1999)
801    $a FR $b FR-751131015 $c 19990706
810    $a Etude sur Alfred de Musset, "Les caprices de Marianne" / Brice Courtin, 1999
999    $a FRBNF135270451 $b 13527045
152    $b NP

