00495nx  a22001933  4500
001 337993
003 http://catalogue.bnf.fr/ark:/12148/cb167836216
005 20240517074252.0
033    $a http://catalogue.bnf.fr/ark:/12148/cb167836216
035    $a FRBNF167836217
100    $a 20140813cfrey50      ba0
101    $a und
102    $a XX
105    $a a
106    $a 1  
152    $c 2 $b NP
200    $7 ba0yba0y $8 fre    $9     $a Cizo
801    $a FR $b FR-751131015 $c 20140813
999    $a FRBNF167836217 $b 16783621

