00507nx  a22001933  4500
001 338114
003 http://catalogue.bnf.fr/ark:/12148/cb168004621
005 20240512044329.0
033    $a http://catalogue.bnf.fr/ark:/12148/cb168004621
035    $a FRBNF168004629
100    $a 20140813cfrey50      ba0
101    $a und
102    $a XX
105    $a a
106    $a 1  
152    $c 2 $b NP
200    $7 ba0yba0y $8 fre    $9     $a Romain $b Aurélie
801    $a FR $b FR-751131015 $c 20140813
999    $a FRBNF168004629 $b 16800462

