01123cx  a2200277   4500
001 338273
003 http://catalogue.bnf.fr/ark:/12148/cb12361765z
005 20240514074520.0
033    $a http://catalogue.bnf.fr/ark:/12148/cb12361765z
035    $a FRBNF123617652
039    $o OPL $a 009601671
100    $a 19931210afrey50      ba0
101 0  $a fre
102    $a XX
103    $a  1883               
106    $a 010
154    $a |a
240    $a Maupassant $b Guy de $f 1850-1893 $9  0  $7 ba0yba0y $8 frefre $t Deux amis
300    $a Catégorie de l'oeuvre : Oeuvres textuelles
300    $a Conte publié dans "Le gaulois" (février 1883) puis dans la 2e éd. de "Mademoiselle Fifi", puis dans le recueil "Contes et nouvelles" (1885)
686    $a 800 $c Histoire et critique littéraires $2 Note de regroupement par domaine
801    $a FR $b FR-751131015 $c 20061121
810    $a Dictionnaire universel des littératures / dir. B. Didier, 1994 (sous : Maupssant, Guy de)
810    $a Contes et nouvelles / Maupassant ; texte établi et annoté par Louis Forestier, 1974, p. 1511
999    $a FRBNF123617652 $b 12361765
152    $b TU

