00508nx  a22001933  4500
001 338420
003 http://catalogue.bnf.fr/ark:/12148/cb167933416
005 20240506041451.0
033    $a http://catalogue.bnf.fr/ark:/12148/cb167933416
035    $a FRBNF167933417
100    $a 20140813cfrey50      ba0
101    $a und
102    $a XX
105    $a a
106    $a 1  
152    $c 2 $b NP
200    $7 ba0yba0y $8 fre    $9     $a Leduc $b Stéphanie
801    $a FR $b FR-751131015 $c 20140813
999    $a FRBNF167933417 $b 16793341

