00806cx  a2200241   4500
001 338552
003 http://catalogue.bnf.fr/ark:/12148/cb16625087j
005 20240507033557.0
010    $a 0000000381467958 $2 VIAF $d 20130808
033    $a http://catalogue.bnf.fr/ark:/12148/cb16625087j
035    $a FRBNF166250870
100    $a 20120912afrey50      ba0
101    $a fre
102    $a FR
103    $a  19..               
105    $a a
106    $a 1  
200    $7 ba0yba0y $8 fre    $9  0  $a Barichnikoff $b Catherine
300 0  $a Professeur d'histoire-géographie (en 2012)
801    $a FR $b FR-751131015 $c 20121019
810    $a Le dessous des cartes junior [Document cartographique] / Jean-Christophe Victor, Dominique Fouchard, Catherine Barichnikoff, DL 2012
999    $a FRBNF166250870 $b 16625087
152    $b NP

