00982cx  a2200277   4500
001 338670
003 http://catalogue.bnf.fr/ark:/12148/cb16782383p
005 20240509025204.0
010    $a 0000000016901285 $2 ISNI $d 20160217
033    $a http://catalogue.bnf.fr/ark:/12148/cb16782383p
035    $a FRBNF167823839
100    $a 20140813afrey50      ba0
101    $a ger
102    $a DE
103    $a  19710711           
105    $a a
106    $a 1  
120    $a a
152    $c 2 $b NP
200    $7 ba0yba0y $8 fre    $9  0  $a Busshoff $b Katharina $f 1971-....
300 0  $a Illustratrice
801    $a FR $b FR-751131015 $c 20141125
810    $a Le dragon des pluies / Alain Korkos ; [illustré par] Katharina Busshoff, impr. 2014
810    $a Katharina Busshoff - http://www.katharinabusshoff.de/Katharina_Busshoff-Illustration/Vita.html (2014-11-25)
856    $u http://www.katharinabusshoff.de/Katharina_Busshoff-Illustration/Vita.html $e 2014-11-25
999    $a FRBNF167823839 $b 16782383

