01379cx  a2200313   4500
001 338779
003 http://catalogue.bnf.fr/ark:/12148/cb12344914x
005 20240509030419.0
010    $a 0000000122833669 $2 VIAF $d 20130726
033    $a http://catalogue.bnf.fr/ark:/12148/cb12344914x
035    $a FRBNF123449140
039    $o OPL $a 009381823
039    $o OPP $a 15328346 $d 20110621
039    $o OPP $a 16710126 $d 20131004
100    $a 19931029afrey50      ba0
101    $a fre
102    $a FR
103    $a  196011             
105    $a a
106    $a 1  
120    $a b
200    $7 ba0yba0y $8 fre    $9  0  $a Rekacewicz $b Philippe $f 1960-....
300 0  $a Géographe cartographe et journaliste. - DESS de cartographie (Paris 1-Panthéon-Sorbonne). - Collaborateur au Monde diplomatique (périodique), (en 2003). - Chef de projet dans une unité norvégienne du Programme des Nations Unies pour l'environnement (en 2003)
801    $a FR $b FR-751131015 $c 20131004
810    $a Atlas mondial de l'eau : une pénurie annoncée / dir.  par Salif Diop et Philippe Rekacewicz,  2003
810    $a Répertoire des géographes français, 2007 $a Cartographier le présent - http://www.cartografareilpresente.org/auteur9.html?lang=fr (2011-06-21)
856    $u http://www.cartografareilpresente.org/auteur9.html?lang=fr $e 2011-06-21
999    $a FRBNF123449140 $b 12344914
152    $b NP

