01450cx  a2200325   4500
001 338891
003 http://catalogue.bnf.fr/ark:/12148/cb17152940j
005 20240510040250.0
010    $a 0000000418144811 $2 ISNI $d 20221207
033    $a http://catalogue.bnf.fr/ark:/12148/cb17152940j
035    $a FRBNF171529409
100    $a 20170925afrey50      ba0
101    $a jpn
102    $a JP
103    $a  19..               
105    $a a
106    $a 1  
120    $a a
152    $c 2 $b NP
200    $7 ba0yba0y $8 fre    $9  0  $a Igloo dining
300 0  $a Diplômée de l'Université des beaux-arts de Musashino. - Illustratrice free-lance (édition, publicité, presse)
400    $5 e $7 ba0yba0y $8 fre    $9     $a Igloo* dining*
400    $5 e $7 ba0yba0f $8 frejpn $9     $a Igurū dainingu
400    $5 e $7 ba0ydc0y $8 frejpn $9     $a イグルーダイニング
801    $a FR $b FR-751131015 $c 20221214
810    $a Mon petit livre de dessin japonais [Texte imprimé] / Igloo Dining. - Paris : Vigot, DL 2017. $a Idea book : 15 ateliers pour customiser votre papeterie selon les occasions / Igloo* dining*. - Vanves : Hachette pratique, 2022. - [Texte noté. Image fixe]
810    $a Bibliothèque nationale, autorités, Japon - https://id.ndl.go.jp/auth/ndlna/01242093 (2022-12-14)
810    $a BnF Service Littératures du monde (japonais), 2022-12-14
856    $u https://id.ndl.go.jp/auth/ndlna/01242093 $e 2022-12-14
999    $a FRBNF171529409 $b 17152940

