00672nx  a2200229   4500
001 338998
003 http://catalogue.bnf.fr/ark:/12148/cb14401021m
005 20240510041250.0
010    $a 0000000002905154 $2 VIAF $d 20130801
033    $a http://catalogue.bnf.fr/ark:/12148/cb14401021m
035    $a FRBNF144010214
100    $a 20020314afrey50      ba0
101    $a fre
102    $a FR
105    $a a
106    $a 1  
200    $7 ba0yba0y $8 fre    $9  0  $a Mortagne  $b  Stéphane
300 0  $a Photographe
801    $a FR $b FR-751131015 $c 20020314
810    $a Cambrai / textes, Maurice Leclercq ; photos, Stéphane Mortagne, 2001
999    $a FRBNF144010214 $b 14401021
152    $b NP

