01047cx  a2200265   4500
001 339104
003 http://catalogue.bnf.fr/ark:/12148/cb144507727
005 20240510042537.0
010    $a 000000004699577X $2 VIAF $d 20130801
033    $a http://catalogue.bnf.fr/ark:/12148/cb144507727
035    $a FRBNF144507725
100    $a 20030130afrey50      ba0
101    $a fre
102    $a FR
103    $a  19..      ....     
105    $a a
106    $a 1  
120    $a a
200    $7 ba0yba0y $8 fre    $9  0  $a Martinez-Sève $b Laurianne
300 0  $a Auteur d'une thèse de doctorat  sur les figurines de Suse (Université de Paris 1, 1997). - Spécialiste du monde grec antique d'Orient
400    $7 ba0yba0y $8 fre    $9     $a Sève $b Laurianne Martinez-
801    $a FR $b FR-751131015 $c 20060412
810    $a Les figurines de Suse : de l'époque néo-élamite à l'époque sassanide / Musée du Louvre, Département des antiquités orientales ; par Laurianne Martinez-Sève ; préf. d'Annie Caubet, 2002
999    $a FRBNF144507725 $b 14450772
152    $b NP

