00742nx  a2200241   4500
001 339223
003 http://catalogue.bnf.fr/ark:/12148/cb16746829d
005 20240513032900.0
033    $a http://catalogue.bnf.fr/ark:/12148/cb16746829d
035    $a FRBNF167468295
100    $a 20140305afrey50      ba0
101    $a eng
102    $a US
103    $a  19..               
105    $a a
106    $a 1  
120    $a b
152    $c 2 $b NP
200    $7 ba0yba0y $8 fre    $9  0  $a DiPascale $b Michael
300 0  $a Dessinateur de bandes dessinées
801    $a FR $b FR-751131015 $c 20140305
810    $a Hero worship : le culte du super-héros / scénario, Zak Penn, Scott Murphy ; dessin, Michael DiPascale, DL 2014
999    $a FRBNF167468295 $b 16746829

00200    a2200097   4500
001 339336
005 20221117101833.0
210    $a Tohu Bohu
801    $a FR $b 595126101 $c 20221117
100    $a 20221117afrey50      ba0
152    $b CO

