00904cx  a2200241   4500
001 339451
003 http://catalogue.bnf.fr/ark:/12148/cb180045985
005 20240505025710.0
010    $a 0000000506758979 $2 ISNI $d 20220330
033    $a http://catalogue.bnf.fr/ark:/12148/cb180045985
035    $a FRBNF180045987
100    $a 20220323afrey50      ba0
102    $a FR
103    $a  19..               
105    $a a
106    $a 1  
120    $a b
200    $7 ba0yba0y $8 fre    $9  0  $a Cadeville $b Yann de
300 0  $a Dessinateur
801    $a FR $b FR-751131015 $c 20220324
810    $a En scène ! : cahier pour réviser le français autrement : communication, grammaire, conjugaison, vocabulaire, culture : FLE, français langue étrangère : A1-A2 / Alexandra Horquin ; illustrations de Yann de Cadeville. - Paris : Ellipses, impr. 2022. - [Texte noté]
999    $a FRBNF180045987 $b 18004598
152    $b NP

