01298cx  a2200313   4500
001 339567
003 http://catalogue.bnf.fr/ark:/12148/cb166631488
005 20240517044855.0
010    $a 0000000401704552 $2 ISNI $d 20150313
033    $a http://catalogue.bnf.fr/ark:/12148/cb166631488
035    $a FRBNF166631483
039    $o OPP $a 17045250 $d 20221114
100    $a 20130214afrey50      ba0
101    $a fre
102    $a FR
103    $a  1981               
105    $a a
106    $a 1  
120    $a a
200    $7 ba0yba0y $8 fre    $9  0  $a Bilien $b Delphine $f 1981-....
300 0  $a Formatrice coordinatrice. - Romancière
400    $7 ba0yba0y $8 fre    $9     $a Chalansonnet $b Delphine Bilien
400    $7 ba0yba0y $8 fre    $9     $a Bilien-Chalansonnet $b Delphine
801    $a FR $b FR-751131015 $c 20221114
810    $a Le mystère de la rose angevine / Delphine Bilien-Chalansonnet, DL 2012 $a Le mystère de la rose angevine. Tome I et II / Delphine Bilien. - La Crèche : la Geste, DL 2022. - [Texte noté]
810    $a Copains d'avant - http://copainsdavant.linternaute.com/p/delphine-bilien-chalansonnet-bilien-5039318 (2014-03-07)
856    $u http://copainsdavant.linternaute.com/p/delphine-bilien-chalansonnet-bilien-5039318 $e 2014-03-07
999    $a FRBNF166631483 $b 16663148
152    $b NP

00220    a2200097   4500
001 339693
005 20221214174655.0
230    $a Le Franc-tireur (périodique)
801    $a FR $b 595126101 $c 20221214
100    $a 20221214afrey50      ba0
152    $b TU

00239    a2200097   4500
001 339805
005 20221221152614.0
250    $a Périodiques pour la jeunesse  $x Censure $y France
801    $a FR $b 595126101 $c 20221221
100    $a 20221221afrey50      ba0
152    $b SNC

