00796nx  a2200253   4500
001 339928
003 http://catalogue.bnf.fr/ark:/12148/cb18017097c
005 20240511052432.0
033    $a http://catalogue.bnf.fr/ark:/12148/cb18017097c
035    $a FRBNF18017097X
100    $a 20220530afrey50      ba0
101    $a eng
102    $a GB
103    $a  19..               
105    $a a
106    $a 1  
120    $a a
152    $c 2 $b NP
200    $7 ba0yba0y $8 fre    $9  0  $a Smith $b Gill
300 0  $a Illustratrice
801    $a FR $b FR-751131015 $c 20220530
810    $a L'île de Maria / Victoria Hislop ; illustré par Gill Smith ; traduit de l'anglais par Alice Delarbre, 2022. - [Texte noté]
856    $u https://www.gillsmithillustration.com/ $e 2022-05-30
999    $a FRBNF18017097X $b 18017097

00210    a2200097   4500
001 340061
005 20230121152557.0
200    $a Olivereau $b Amandine
801    $a FR $b 595126101 $c 20230121
100    $a 20230121afrey50      ba0
152    $b NP

