00872cx  a2200253   4500
001 340332
003 http://catalogue.bnf.fr/ark:/12148/cb180611241
005 20240514034617.0
010    $a 0000000509848128 $2 ISNI $d 20230208
033    $a http://catalogue.bnf.fr/ark:/12148/cb180611241
035    $a FRBNF18061124X
100    $a 20230131afrey50      ba0
101    $a fre
102    $a FR
103    $a  19..               
105    $a a
106    $a 1  
120    $a a
200    $7 ba0yba0y $8 fre    $9  0  $a Hondt $b Aurore d'
300 0  $a Autrice de bandes dessinées. - Étudiante à l'ISEN de Brest, spécialité technologies biomédicales (en 2023)
801    $a FR $b FR-751131015 $c 20230331
810    $a Ginette Kolinka : récit d'une survivante d'Auschwitz-Birkenau / Aurore  d'Hondt, DL 2023. - [Texte noté. Image fixe]
999    $a FRBNF18061124X $b 18061124
152    $b NP

