01098cx  a2200289   4500
001 340470
003 http://catalogue.bnf.fr/ark:/12148/cb12219398j
005 20240505030934.0
010    $a 0000000080978658 $2 VIAF $d 20130725
033    $a http://catalogue.bnf.fr/ark:/12148/cb12219398j
035    $a FRBNF122193987
039    $o OPL $a 007759644
100    $a 19910925afrey50      ba0
101    $a fre
102    $a CA
103    $a  1956               
105    $a a
106    $a 1  
120    $a b
152    $c 2 $b NP
200    $7 ba0yba0y $8 fre    $9  0  $a Dumont $b François $f 1956-....
300 0  $a Essayiste, poète. - Professeur au Département de littérature, théâtre et cinéma de l'Université Laval, Québec, Canada (en 2021)
801    $a FR $b FR-751131015 $c 20220427
810    $a L'éclat de l'origine / François Dumont, 1989 $a Approches de l'essai : anthologie / François Dumont, DL 2021
810    $a Bibliothèque nationale, catalogue, Québec - https://www.banq.qc.ca/accueil (2022-04-14)
856    $u https://www.banq.qc.ca/accueil/ $e 2022-04-14
999    $a FRBNF122193987 $b 12219398

