00830cx  a2200253   4500
001 340574
003 http://catalogue.bnf.fr/ark:/12148/cb144311356
005 20240511053051.0
010    $a 000000011665754X $2 VIAF $d 20130801
033    $a http://catalogue.bnf.fr/ark:/12148/cb144311356
035    $a FRBNF144311356
100    $a 20021023afrey50      ba0
101    $a fre
102    $a FR
103    $a  19..      ....     
105    $a a
106    $a 1  
120    $a b
200    $7 ba0yba0y $8 fre    $9  0  $a Lalanne $b Jean-Marc
300 0  $a Rédacteur en chef des "Cahiers du cinéma" (en 2003)
801    $a FR $b FR-751131015 $c 20031002
810    $a Fantômas, style moderne / Philippe Azoury, Jean-Marc Lalanne, 2002 $a Cocteau et le cinéma / Philippe Azoury, Jean-Marc Lalanne, 2003
999    $a FRBNF144311356 $b 14431135
152    $b NP

