01294cx  a2200277   4500
001 340700
003 http://catalogue.bnf.fr/ark:/12148/cb14520053k
005 20240511053525.0
010    $a 0000000121343983 $2 VIAF $d 20130802
033    $a http://catalogue.bnf.fr/ark:/12148/cb14520053k
035    $a FRBNF145200533
100    $a 20040122afrey50      ba0
101    $a fre
102    $a FR
103    $a  19701213  ....     
105    $a a
106    $a 1  
120    $a a
200    $7 ba0yba0y $8 fre    $9  0  $a Chetcuti-Osorovitz $b Natacha $f 1970-....
300 0  $a Docteur en anthropologie sociale (EHESS ; 2008). - Sociologue ; chargée de cours à l'Université Paris 7 ; chargée de recherche à la Maison des sciences de l'homme, Paris. - Enseigne à l'Université Paris 1 Panthéon Sorbonne (en 2010)
400    $7 ba0yba0y $8 fre    $9     $a Osorovitz $b Natacha Chetcuti-
400    $7 ba0yba0y $8 fre    $9     $a Chetcuti $b Natacha
801    $a FR $b FR-751131015 $c 20210602
810    $a Lesbianisme et féminisme : histoires politiques / sous la dir. de Natacha Chetcuti et Claire Michard, 2003 $a Se dire lesbienne / Natacha Chetcuti, impr. 2010 $a Genre et monde carcéral / [sous la] direction [de] Natacha Chetcuti-Osorovitz, Patricia Paperman, DL 2020
999    $a FRBNF145200533 $b 14520053
152    $b NP

