00730cx  a2200229   4500
001 340818
003 http://catalogue.bnf.fr/ark:/12148/cb14612969w
005 20240509050804.0
033    $a http://catalogue.bnf.fr/ark:/12148/cb14612969w
035    $a FRBNF146129690
100    $a 20050314afrey50      ba0
106    $a 200
152    $b SNC $c 2
159    $a rameau
215    $7 ba0yba0y $8 fre    $9     $a Bure (Meuse, France)
415    $7 ba0yba0y $8 fre    $9     $a Bure-en-Barrois (Meuse, France)
686    $a 912 $2 Note de regroupement par domaine
801    $a FR $b FR-751131015 $c 20180328
810    $a Dict. communes, 2001
810    $a La descentes aux enfers nucléaires, 2004
822 11 $2 LCA $d 2018-03-28
999    $a FRBNF146129690 $b 14612969

