00990cx  a2200253   4500
001 341004
003 http://catalogue.bnf.fr/ark:/12148/cb180403107
005 20240514035841.0
010    $a 0000000508391592 $2 ISNI $d 20221019
033    $a http://catalogue.bnf.fr/ark:/12148/cb180403107
035    $a FRBNF180403103
100    $a 20221014afrey50      ba0
101    $a eng
103    $a  19..               
105    $a a
106    $a 1  
120    $a a
152    $c 1 $b NP
200    $7 ba0yba0y $8 fre    $9  0  $a Hanna $b H. Y.
300 0  $a Auteure de romans policiers. - Rédactrice indépendante, journalisme. - Diplômée d'un BA en sciences biologiques et une maîtrise en anthropologie sociale de l'Université d'Oxford
801    $a FR $b FR-751131015 $c 20221017
810    $a Chou à la crim' / H. Y. Hanna ; traduit de l'anglais (britannique) par Diane Garo. - [Bernay] : City roman, DL 2022. - [Texte noté]
856    $u http://www.hyhanna.com/ $e 2022-10-14
999    $a FRBNF180403103 $b 18040310

