01230cx  a2200301   4500
001 341114
003 http://catalogue.bnf.fr/ark:/12148/cb161340342
005 20240511054016.0
010    $a 0000000107919093 $2 VIAF $d 20130807
033    $a http://catalogue.bnf.fr/ark:/12148/cb161340342
035    $a FRBNF161340342
100    $a 20090915afrey50      ba0
101    $a fre
102    $a FR
103    $a  19810818           
105    $a a
106    $a 1  
120    $a a
200    $7 ba0yba0y $8 fre    $9  0  $a Chamouton-Meillarec $b Chloé $f 1981-....
300 0  $a Journaliste. - Chargée de communication, conceptrice, rédactrice
400    $7 ba0yba0y $8 frefre $9     $a Chamouton $b Chloé
400    $7 ba0yba0y $8 frefre $9     $a Meillarec $b Chloé Chamouton-
801    $a FR $b FR-751131015 $c 20190927
810    $a Le bonheur est en Comté / Chloé Chamouton ; photos J. F. Bianchetto, impr. 2009 $a Femme d'exception en Bretagne / Chloé Chamouton, impr. 2013 $a Mon jardin malin écolo / Chloé Chamouton-Meillarec, Arnaud Meillarec, DL 2019
810    $a Doyoubuzz - http://www.doyoubuzz.com/chloe-chamouton (2011-10-04)
856    $u http://www.doyoubuzz.com/chloe-chamouton $e 2011-10-04
999    $a FRBNF161340342 $b 16134034
152    $b NP

