00959cx  a2200265   4500
001 341255
003 http://catalogue.bnf.fr/ark:/12148/cb122903412
005 20240514035211.0
010    $a 0000000081814647 $2 VIAF $d 20130726
033    $a http://catalogue.bnf.fr/ark:/12148/cb122903412
035    $a FRBNF122903412
039    $o OPL $a 008689387
100    $a 19930129afrey50      ba0
101    $a fre
102    $a BE
103    $a  19641023           
105    $a a
106    $a 1  
120    $a b
152    $c 2 $b NP
200    $7 ba0yba0y $8 fre    $9  0  $a Corten $b Olivier $f 1964-....
300 0  $a Juriste. - Aspirant au Fonds national de la recherche scientifique belge (en 1992). - Collaborateur scientifique au Centre de droit international, Université libre de Bruxelles (en 1992)
801    $a FR $b FR-751131015 $c 20210414
810    $a Droit d'ingérence ou obligation de réaction ? / Olivier Corten et Pierre Klein, 1992
999    $a FRBNF122903412 $b 12290341

