00734nx  a2200241   4500
001 341363
003 http://catalogue.bnf.fr/ark:/12148/cb17097914v
005 20240517053143.0
010    $a 0000000459826544 $2 ISNI $d 20170202
033    $a http://catalogue.bnf.fr/ark:/12148/cb17097914v
035    $a FRBNF170979143
100    $a 20170105afrey50      ba0
101    $a fre
102    $a FR
103    $a  19951026           
105    $a a
106    $a 1  
120    $a b
200    $7 ba0yba0y $8 fre    $9  0  $a Chalard $b Hadrien $f 1995-....
801    $a FR $b FR-751131015 $c 20170105
810    $a Sur les grèves de Mývatn [Texte imprimé] / Hadrien Chalard. - Saint-Denis : Édilivre, DL 2015.
999    $a FRBNF170979143 $b 17097914
152    $b NP

