02342cx  a2200493   4500
001 341491
003 http://catalogue.bnf.fr/ark:/12148/cb11979547h
005 20240517053752.0
033    $a http://catalogue.bnf.fr/ark:/12148/cb11979547h
035    $a FRBNF119795478
039    $o OPL $a 002171683
100    $a 19850707afrey50      ba0
106    $a 211
152    $b SNC $c 2
159    $a rameau
250    $7 ba0yba0y $8 fre    $9     $a Photons
450    $7 ba0yba0y $8 fre    $9     $a Grains d'énergie
450    $7 ba0yba0y $8 fre    $9     $a Quanta de lumière
550    $5 z $0 Voir aussi $3 11981956 $7 ba0yba0y $8 fre    $9     $a Compton $x Effet
550    $5 z $0 Voir aussi $3 12285362 $7 ba0yba0y $8 fre    $9     $a Détecteurs de photons
550    $5 h $3 12285938 $7 ba0yba0y $8 fre    $9     $a Annihilation proton-antiproton
550    $5 h $3 12274149 $7 ba0yba0y $8 fre    $9     $a Bose-Einstein, Gaz de
550    $5 h $3 12373711 $7 ba0yba0y $8 fre    $9     $a Échos de photon
550    $5 h $3 11978665 $7 ba0yba0y $8 fre    $9     $a Excitons
550    $5 h $3 12110700 $7 ba0yba0y $8 fre    $9     $a Faisceaux de photons
550    $5 h $3 12260404 $7 ba0yba0y $8 fre    $9     $a Interactions lepton-photon
550    $5 h $3 12107273 $7 ba0yba0y $8 fre    $9     $a Interactions photon-atome
550    $5 h $3 12262176 $7 ba0yba0y $8 fre    $9     $a Interactions photon-hadron
550    $5 h $3 11976823 $7 ba0yba0y $8 fre    $9     $a Interactions photon-photon
550    $5 h $3 11942829 $7 ba0yba0y $8 fre    $9     $a Lasers
550    $5 h $3 11979005 $7 ba0yba0y $8 fre    $9     $a Mössbauer, Effet
550    $5 h $3 11966670 $7 ba0yba0y $8 fre    $9     $a Optique quantique
550    $5 h $3 12445320 $7 ba0yba0y $8 fre    $9     $a Photoabsorption
550    $5 h $3 12377837 $7 ba0yba0y $8 fre    $9     $a Photoélectrons
550    $5 h $3 12266707 $7 ba0yba0y $8 fre    $9     $a Photons $x Émission
550    $5 h $3 18088733 $7 ba0yba0y $8 fre    $9     $a Photons uniques
550    $5 h $3 12265873 $7 ba0yba0y $8 fre    $9     $a Polaritons
550    $5 h $3 12264246 $7 ba0yba0y $8 fre    $9     $a Production de paires
550    $5 h $3 11966720 $7 ba0yba0y $8 fre    $9     $a Réactions photonucléaires
550    $5 g $3 11958247 $7 ba0yba0y $8 fre    $9     $a Lumière
801    $a FR $b FR-751131015 $c 20230629
822 12 $a Photons $2 LCSH $u http://id.loc.gov/authorities/subjects/sh85101398 $d 2023-06-29
822 12 $a Photons $2 RVMLaval $d 2023-06-29
999    $a FRBNF119795478 $b 11979547

