00955cx  a2200265   4500
001 341615
003 http://catalogue.bnf.fr/ark:/12148/cb18074304w
005 20240517054401.0
010    $a 0000000511007600 $2 ISNI $d 20230412
033    $a http://catalogue.bnf.fr/ark:/12148/cb18074304w
035    $a FRBNF180743045
100    $a 20230406afrey50      ba0
102    $a XX
103    $a  19..               
105    $a a
106    $a 1  
120    $a b
152    $c 2 $b NP
200    $7 ba0yba0y $8 fre    $9  0  $a Treadwell $b Simon
300 0  $a Illustrateur
801    $a FR $b FR-751131015 $c 20230417
810    $a Le livre extraordinaire des singes / texte, Barbara Taylor ; illustrations, Simon Treadwell ; traduction, Emmanuel Gros, DL 2023. - [Texte noté. Image fixe]
810    $a LC authorities : Treadwell, Simon - https://lccn.loc.gov/no2023036521 (2023-04-06)
856    $u https://lccn.loc.gov/no2023036521 $e 2023-04-06
999    $a FRBNF180743045 $b 18074304

