00757nx  a2200253   4500
001 341722
003 http://catalogue.bnf.fr/ark:/12148/cb16512934b
005 20240511054106.0
010    $a 0000000118011080 $2 VIAF $d 20130808
033    $a http://catalogue.bnf.fr/ark:/12148/cb16512934b
035    $a FRBNF165129346
100    $a 20110527afrey50      ba0
101    $a eng
102    $a GB
103    $a  19..               
105    $a a
106    $a 1  
120    $a a
152    $c 2 $b NP
200    $7 ba0yba0y $8 fre    $9  0  $a Shireen $b Nadia
300 0  $a Auteur d'ouvrages pour la jeunesse
801    $a FR $b FR-751131015 $c 20110527
810    $a Petit loup gentil / Nadia Shireen, traduit de l'anglais par Maud Rollot, DL 2011
999    $a FRBNF165129346 $b 16512934

