00773cx  a2200253   4500
001 341852
003 http://catalogue.bnf.fr/ark:/12148/cb150187823
005 20240515071700.0
010    $a 0000000039819305 $2 VIAF $d 20130805
033    $a http://catalogue.bnf.fr/ark:/12148/cb150187823
035    $a FRBNF150187824
100    $a 20051114afrey50      ba0
101    $a fre
102    $a FR
103    $a  19..               
105    $a a
106    $a 1  
120    $a a
200    $7 ba0yba0y $8 fre    $9  0  $a Catalano $b Géraldine
300 0  $a Journaliste (en 2005)
801    $a FR $b FR-751131015 $c 20051114
810    $a Une famille au secret : le président, Anne et Mazarine / Ariane Chemin et Géraldine Catalano, impr. 2005
999    $a FRBNF150187824 $b 15018782
152    $b NP

