00857cx  a2200265   4500
001 342018
003 http://catalogue.bnf.fr/ark:/12148/cb166985784
005 20240511054546.0
010    $a 0000000358514939 $2 ISNI $d 20150313
033    $a http://catalogue.bnf.fr/ark:/12148/cb166985784
035    $a FRBNF166985788
039    $o OPP $a 17848990 $d 20191114
100    $a 20130718afrey50      ba0
101    $a fre
102    $a FR
103    $a  19..               
105    $a a
106    $a 1  
120    $a b
200    $7 ba0yba0y $8 fre    $9  0  $a Ragaigne $b Aurélien
300 0  $a Maître de conférences en sciences de gestion à l'Université de Poitiers (en 2013)
801    $a FR $b FR-751131015 $c 20191114
810    $a L'essentiel du management des collectivités territoriales/ Aurélien Ragaigne, DL 2013
999    $a FRBNF166985788 $b 16698578
152    $b NP

