00840nx  a2200241   4500
001 342128
003 http://catalogue.bnf.fr/ark:/12148/cb17747645g
005 20240505032156.0
033    $a http://catalogue.bnf.fr/ark:/12148/cb17747645g
035    $a FRBNF177476454
100    $a 20180709afrey50      ba0
101    $a fre
102    $a FR
103    $a  19..               
105    $a a
106    $a 1  
120    $a a
200    $7 ba0yba0y $8 fre    $9  0  $a Henriques $b Brigitte
300 0  $a Vice-présidente de la Fédération française de football (en 2018)
801    $a FR $b FR-751131015 $c 20180709
810    $a Ne jamais rien lâcher [Texte imprimé] / Marinette Pichon ; avec la collaboration de Fabien Lévêque ; préface de Brigitte Henriques,.... - Paris : First éditions, DL 2018.
999    $a FRBNF177476454 $b 17747645
152    $b NP

