01023cx  a2200289   4500
001 342242
003 http://catalogue.bnf.fr/ark:/12148/cb180419762
005 20240511054625.0
010    $a 0000000508507567 $2 ISNI $d 20221102
033    $a http://catalogue.bnf.fr/ark:/12148/cb180419762
035    $a FRBNF180419762
100    $a 20221024afrey50      ba0
101    $a eng
102    $a XX
103    $a  19..               
105    $a a
106    $a 1  
120    $a a
152    $c 2 $b NP
200    $7 ba0yba0y $8 fre    $9  0  $a Grant $b Kimi Cunningham
300 0  $a Romancière
400    $7 ba0yba0y $8 fre    $9     $a Cunningham Grant $b Kimi
801    $a FR $b FR-751131015 $c 20221025
810    $a Le silence des repentis / Kimi Cunningham Grant ; traduit de l'anglais (États-Unis) par Alice Delarbre. - [Paris] : Buchet Chastel, DL 2022. - [Texte noté]
810    $a LC Authorities - https://lccn.loc.gov/no2012015314 (2022-10-25)
856    $u https://lccn.loc.gov/no2012015314 $e 2022-10-25
999    $a FRBNF180419762 $b 18041976

