01073cx  a2200277   4500
001 342353
003 http://catalogue.bnf.fr/ark:/12148/cb180902716
005 20240505032244.0
010    $a 000000051230886X $2 ISNI $d 20230712
033    $a http://catalogue.bnf.fr/ark:/12148/cb180902716
035    $a FRBNF180902711
100    $a 20230705afrey50      ba0
101    $a ita
102    $a IT
103    $a  19..               
105    $a a
106    $a 1  
120    $a b
152    $c 2 $b NP
200    $7 ba0yba0y $8 fre    $9  0  $a Marchitto $b Michele
300 0  $a Auteur et illustrateur d'ouvrages pour la jeunesse
801    $a FR $b FR-751131015 $c 20230710
810    $a Géant et chevalier / Michele Marchitto ; Erika De Pieri ; [traduit de l'italien par Alice Kremer]. - Strasbourg : Éd. Père Fouettard, DL 2023. - [Texte noté. Image fixe]
810    $a Éditions Père Fouettard - https://www.perefouettard.fr/editions/auteur.php?author=54 (2023-07-05)
856    $u https://www.perefouettard.fr/editions/auteur.php?author=54 $e 2023-07-05
999    $a FRBNF180902711 $b 18090271

