01091nx  a2200289   4500
001 342507
003 http://catalogue.bnf.fr/ark:/12148/cb180944188
005 20240507075925.0
033    $a http://catalogue.bnf.fr/ark:/12148/cb180944188
035    $a FRBNF180944183
100    $a 20230731afrey50      ba0
101 0  $a fre
102    $a XX
103    $a  1955               
106    $a 1  
154    $a |a
240    $a Montherlant $b Henry de $f 1895-1972 $9  0  $7 ba0yba0y $8 frefre $t Brocéliande
300 0  $a Catégorie de l'oeuvre : Oeuvres textuelles
300 0  $a Forme de l'oeuvre : Théâtre (genre littéraire)
300 0  $a Nature du contenu de l'oeuvre : Pièce en trois actes
349    $r Première édition $a Paris $d 1955
349    $r Première représentation (création) $a Paris $c Comédie-Française $d 1956-10-24
440    $a Montherlant $b Henry de $f 1895-1972 $7 ba0yba0y $8 frespa $t Broceliande
801    $a FR $b FR-751131015 $c 20230731
810    $a Théâtre / Henry de Montherlant, 1955 (Bibliothèque de la Pléiade) : Brocéliande
999    $a FRBNF180944183 $b 18094418
152    $b TU

