01391cx  a2200277   4500
001 342634
003 http://catalogue.bnf.fr/ark:/12148/cb13752581h
005 20240509054631.0
010    $a 0000000047554888 $2 VIAF $d 20130731
033    $a http://catalogue.bnf.fr/ark:/12148/cb13752581h
035    $a FRBNF137525819
039    $o OPL $a 015778637
100    $a 20011114afrey50      ba0
101    $a fre
102    $a FR
103    $a  19700430           
105    $a a
106    $a 1  
120    $a b
200    $7 ba0yba0y $8 fre    $9  0  $a Blachèr $b Philippe $f 1970-....
300 0  $a Docteur en droit public (1998). - Maître de conférences en droit public à la Faculté de droit de Montpellier. - Membre du centre d'études et de recherches comparatives constitutionnelles et politiques (en 2001). - Professeur à la Faculté de droit et sciences politiques de l'Université Lumière, Lyon 2 (en 2004)
801    $a FR $b FR-751131015 $c 20151130
810    $a Contrôle de constitutionnalité et volonté générale : "la loi votée... n'exprime la volonté générale que dans le respect de la Constitution" / par Philippe Blacher, 2001 $a Droit des relations internationales / Philippe Blacher, 2004 $a Droit des relations internationales / Philippe Blachèr, impr. 2011
810    $a Annuaire des juristes et des politistes universitaires, 2002
999    $a FRBNF137525819 $b 13752581
152    $b NP

