01896cx  a2200409   4500
001 342878
003 http://catalogue.bnf.fr/ark:/12148/cb16733334p
005 20240517055140.0
033    $a http://catalogue.bnf.fr/ark:/12148/cb16733334p
035    $a FRBNF167333340
039    $o OPL $a 008727119
039    $o OPP $a 12293412 $d 20140106
100    $a 20140106afrey50      ba0
106    $a 211
152    $b SNC $c 2
159    $a rameau
250    $7 ba0yba0y $8 fre    $9     $a Meubles en bois
450    $7 ba0yba0y $8 fre    $9     $a Bois, Meubles en
450    $7 ba0yba0y $8 fre    $9     $a Bois tropicaux, Meubles en
450    $7 ba0yba0y $8 fre    $9     $a Meubles en bois tropicaux
550    $5 z $0 Voir aussi $3 11938372 $7 ba0yba0y $8 fre    $9     $a Bois tropicaux
550    $5 z $0 Voir aussi $3 11937579 $7 ba0yba0y $8 fre    $9     $a Meubles rustiques
550    $5 h $3 12293411 $7 ba0yba0y $8 fre    $9     $a Meubles de port
550    $5 h $3 12042970 $7 ba0yba0y $8 fre    $9     $a Meubles en bois courbé
550    $5 h $3 15584874 $7 ba0yba0y $8 fre    $9     $a Meubles en chêne
550    $5 h $3 12203908 $7 ba0yba0y $8 fre    $9     $a Meubles en gaïac
550    $5 h $3 12398043 $7 ba0yba0y $8 fre    $9     $a Meubles en pin
550    $5 g $3 13162680 $7 ba0yba0y $8 fre    $9     $a Meubles
550    $5 g $3 11958005 $7 ba0yba0y $8 fre    $9     $a Objets en bois
686    $a 640 $c Economie domestique, hôtellerie $2 Note de regroupement par domaine
686    $a 740 $c Dessin, arts décoratifs, artisanat d'art $2 Note de regroupement par domaine
801    $a FR $b FR-751131015 $c 20140107
810    $a Encycl. universalis (art. : Mobilier) - http://www.universalis-edu.com (2014-01-06) $a Trésor de la langue française (art. : Meuble)
810    $a Le mobilier en bois en Europe après la Seconde Guerre mondiale / R. Jacobsen, 2010
822 11 $2 LCSH $d 2014-01-07
856    $u http://www.universalis-edu.com $e 2014-01-06
999    $a FRBNF167333340 $b 16733334

