00793nx  a2200253   4500
001 343001
003 http://catalogue.bnf.fr/ark:/12148/cb17996638b
005 20240505034535.0
010    $a 0000000506279628 $2 ISNI $d 20220216
033    $a http://catalogue.bnf.fr/ark:/12148/cb17996638b
035    $a FRBNF179966389
100    $a 20220208afrey50      ba0
101    $a fre
102    $a FR
103    $a  19..               
105    $a a
106    $a 1  
120    $a b
200    $7 ba0yba0y $8 fre    $9  0  $a Alimi $b Arié
300 0  $a Avocat pénaliste
801    $a FR $b FR-751131015 $c 20220208
810    $a Le coup d'état d'urgence : surveillance, répression et libertés / Arié Alimi. - [Paris] : Éditions du Seuil, DL 2021. - [Texte noté]
999    $a FRBNF179966389 $b 17996638
152    $b NP

