00713nx  a2200241   4500
001 343133
003 http://catalogue.bnf.fr/ark:/12148/cb14540996r
005 20240510064159.0
010    $a 000000000351565X $2 VIAF $d 20130802
033    $a http://catalogue.bnf.fr/ark:/12148/cb14540996r
035    $a FRBNF145409967
100    $a 20040430afrey50      ba0
101    $a fre $t jpn
102    $a FR
103    $a  19..      ....     
105    $a a
106    $a 1  
120    $a a
200    $7 ba0yba0y $8 fre    $9  0  $a Sabbah $b Monique
801    $a FR $b FR-751131015 $c 20040430
810    $a Contes japonais / contes choisis et trad. par Masahiro Inoue et Monique Sabbah, 2004
999    $a FRBNF145409967 $b 14540996
152    $b NP

