00732cx  a2200229   4500
001 343236
003 http://catalogue.bnf.fr/ark:/12148/cb179310356
005 20240511045216.0
033    $a http://catalogue.bnf.fr/ark:/12148/cb179310356
035    $a FRBNF17931035X
100    $a 20210310afrey50      ba0
102    $a FR
103    $a  19..               
105    $a a
106    $a 1  
120    $a b
200    $7 ba0yba0y $8 fre    $9  0  $a Feller $b Alexander
300 0  $a Illustrateur d'ouvrages pour la jeunesse
801    $a FR $b FR-751131015 $c 20210317
810    $a Pétrouchka ? Pétrouchka ! : un texte à partager / écrit par Laetitia Veniat ; illustré par Alexander Feller, 2021
999    $a FRBNF17931035X $b 17931035
152    $b NP

