00699nx  a2200253   4500
001 343348
003 http://catalogue.bnf.fr/ark:/12148/cb15720080z
005 20240510033411.0
010    $a 0000000071042110 $2 VIAF $d 20130806
033    $a http://catalogue.bnf.fr/ark:/12148/cb15720080z
035    $a FRBNF157200808
100    $a 20080703afrey50      ba0
101    $a fre
102    $a FR
103    $a  1965               
105    $a a
106    $a 1  
120    $a b
200    $7 ba0yba0y $8 fre    $9  0  $a Mattern $b Jean $f 1965-....
300 0  $a Romancier
801    $a FR $b FR-751131015 $c 20080703
810    $a Les bains de Kiraly / Jean Mattern, 2008
999    $a FRBNF157200808 $b 15720080
152    $b NP

