00787cx  a2200229   4500
001 343451
003 http://catalogue.bnf.fr/ark:/12148/cb16716501k
005 20231214053920.0
033    $a http://catalogue.bnf.fr/ark:/12148/cb16716501k
035    $a FRBNF167165017
100    $a 20131014afrey50      ba0
101    $a fre
102    $a FR
103    $a  19..               
105    $a a
106    $a 1  
120    $a b
200    $7 ba0yba0y $8 fre    $9  0  $a Decocq $b Christian
801    $a FR $b FR-751131015 $c 20131015
810    $a Friches industrielles et pollutions historiques : mission d'information et d'évaluation / rapport de M. Christian Decocq [pour la Communauté urbaine de Lille] ; [président de la mission, Michel Pacaux], 2010
999    $a FRBNF167165017 $b 16716501
152    $b NP

