00733nx  a2200241   4500
001 343576
003 http://catalogue.bnf.fr/ark:/12148/cb18078677w
005 20240514040533.0
010    $a 0000000511199016 $2 ISNI $d 20230510
033    $a http://catalogue.bnf.fr/ark:/12148/cb18078677w
035    $a FRBNF180786776
100    $a 20230505afrey50      ba0
101    $a fre
102    $a FR
103    $a  19..               
105    $a a
106    $a 1  
120    $a a
200    $7 ba0yba0y $8 fre    $9  0  $a Lefranc $b Odile
801    $a FR $b FR-751131015 $c 20230505
810    $a Approcher Vénus / textes, Odile Lefranc ; dessins, Isabelle Pistono  . - Tours : Edita, 2021. - [Texte noté]
999    $a FRBNF180786776 $b 18078677
152    $b NP

