00760nx  a2200253   4500
001 343698
003 http://catalogue.bnf.fr/ark:/12148/cb135203329
005 20240511061342.0
010    $a 0000000078370336 $2 VIAF $d 20130730
033    $a http://catalogue.bnf.fr/ark:/12148/cb135203329
035    $a FRBNF135203328
039    $o OPL $a 014314979
100    $a 19990312afrey50      ba0
101    $a eng
102    $a GB
103    $a  1963               
105    $a a
106    $a 1  
152    $c 2 $b NP
200    $7 ba0yba0y $8 fre    $9  0  $a Buss $b Louis $f 1963-....
300 0  $a Romancier
801    $a FR $b FR-751131015 $c 19990312
810    $a Le luxe de l'exil : roman / Louis Buss ; traduit de l'anglais par Annick Le Goyat, 1998
999    $a FRBNF135203328 $b 13520332

