01071cx  a2200301   4500
001 343800
003 http://catalogue.bnf.fr/ark:/12148/cb12265762q
005 20240511062008.0
010    $a 0000000061542680 $2 VIAF $d 20130725
033    $a http://catalogue.bnf.fr/ark:/12148/cb12265762q
035    $a FRBNF122657626
039    $o OPL $a 008386696
100    $a 19921007afrey50      ba0
101    $a fre
102    $a FR
103    $a  19530626           
105    $a a $a p
106    $a 1  
120    $a a
200    $7 ba0yba0y $8 fre    $9  0  $a Join-Lambert $b Sophie $f 1953-....
300 0  $a Conservateur au Musée des beaux-arts de Tours (en 1990). - A publié uniquement sous le nom de Join-Lambert
400    $7 ba0yba0y $8 fre    $9     $a John-Lambert $b Sophie $f 1953-....
400    $7 ba0yba0y $8 fre    $9     $a Lambert $b Sophie John- $f 1953-....
400    $7 ba0yba0y $8 fre    $9     $a Lambert $b Sophie Join- $f 1953-....
801    $a FR $b FR-751131015 $c 20210127
810    $a Zao Wou-Ki, 1990 $a Abraham Bosse, graveur & sçavant, 1995
999    $a FRBNF122657626 $b 12265762
152    $b NP

