00739nx  a2200241   4500
001 344035
003 http://catalogue.bnf.fr/ark:/12148/cb12087807d
005 20240511063603.0
010    $a 0000000108645506 $2 VIAF $d 20130724
033    $a http://catalogue.bnf.fr/ark:/12148/cb12087807d
035    $a FRBNF120878070
039    $o OPL $a 004158510
100    $a 19881014afrey50      ba0
101    $a mul
102    $a XX
105    $a a
106    $a 1  
152    $c 2 $b NP
200    $7 ba0yba0y $8 fre    $9  0  $a Reimann $b Werner
300 0  $a Traduit de l'anglais en français
801    $a FR $b FR-751131015 $c 19881014
810    $a Arden lointain / Jim Morrison ; trad. et présenté par S. Prudent et W. Reimann, 1988
999    $a FRBNF120878070 $b 12087807

