01047cx  a2200289   4500
001 344138
003 http://catalogue.bnf.fr/ark:/12148/cb12150205x
005 20240515073256.0
010    $a 0000000116379332 $2 VIAF $d 20130725
033    $a http://catalogue.bnf.fr/ark:/12148/cb12150205x
035    $a FRBNF121502053
039    $o OPL $a 005109975
100    $a 19900612afrey50      ba0
101    $a eng
102    $a US
103    $a  19540730           
105    $a a
106    $a 1  
120    $a a
152    $c 2 $b NP
200    $7 ba0yba0y $8 fre    $9  0  $a Kallir $b Jane $f 1954-....
300 0  $a Co-directrice de la Galerie St. Etienne, New York (en 2004). - Spécialiste d'Egon Schiele et de l'expressionnisme autrichien
801    $a FR $b FR-751131015 $c 20041116
810    $a Egon Schiele : the complete works / Jane Kallir, 1990 $a Egon Schiele : dessins et aquarelles / Jane Kallir, 2004
810    $a LC authorities - http://authorities.loc.gov (2004-11-16)
856    $u http://authorities.loc.gov $e 2004-11-16
999    $a FRBNF121502053 $b 12150205

