00736cx  a2200265   4500
001 344243
003 http://catalogue.bnf.fr/ark:/12148/cb13530260g
005 20240515074132.0
010    $a 0000000037768655 $2 VIAF $d 20130730
033    $a http://catalogue.bnf.fr/ark:/12148/cb13530260g
035    $a FRBNF135302600
039    $o OPL $a 014582190
100    $a 19990903afrey50      ba0
101    $a fre
102    $a FR
103    $a  19550906           
105    $a a
106    $a 1  
120    $a a
200    $7 ba0yba0y $8 fre    $9  0  $a Gazsi $b Mélina $f 1955-....
300 0  $a Journaliste
801    $a FR $b FR-751131015 $c 20080520
810    $a L'armoire aux secrets / Mélina Gazsi, 1999
999    $a FRBNF135302600 $b 13530260
152    $b NP

