00761nx  a2200241   4500
001 344345
003 http://catalogue.bnf.fr/ark:/12148/cb17815649x
005 20240510044212.0
010    $a 000000047647726X $2 ISNI $d 20190605
033    $a http://catalogue.bnf.fr/ark:/12148/cb17815649x
035    $a FRBNF178156496
100    $a 20190528afrey50      ba0
101    $a fre
102    $a FR
103    $a  19830830           
105    $a a
106    $a 1  
120    $a a
200    $7 ba0yba0y $8 fre    $9  0  $a Aupy $b Isabelle $f 1983-....
801    $a FR $b FR-751131015 $c 20190528
810    $a L'homme qui n'aimait plus les chats [Texte imprimé] / Isabelle Aupy. - [Jassans-Riottier] : les Éditions du Panseur, DL 2019.
999    $a FRBNF178156496 $b 17815649
152    $b NP

