00715cx  a2200229   4500
001 344445
003 http://catalogue.bnf.fr/ark:/12148/cb17806170d
005 20240511023445.0
033    $a http://catalogue.bnf.fr/ark:/12148/cb17806170d
035    $a FRBNF178061703
100    $a 20190409afrey50      ba0
101    $a fre
102    $a FR
103    $a  19..               
105    $a a
106    $a 1  
120    $a a
200    $7 ba0yba0y $8 fre    $9  0  $a Crépin $b Mercédès
801    $a FR $b FR-751131015 $c 20190410
810    $a Un bon petit soldat [Texte imprimé] / Michaël et Mercédès Crépin ; avec Caroline Andrieu-Millagou. - [Paris] : Flammarion, DL 2019.
999    $a FRBNF178061703 $b 17806170
152    $b NP

