01587cx  a2200325   4500
001 344545
003 http://catalogue.bnf.fr/ark:/12148/cb119854046
005 20240511024221.0
033    $a http://catalogue.bnf.fr/ark:/12148/cb119854046
035    $a FRBNF119854040
039    $o OPL $a 002239401
100    $a 19850902afrey50      ba0
106    $a 211
152    $b GENRE/FORM $c 2
159    $a rameau
180    $a b
280  0 $7 ba0yba0y $8 fre    $9     $a Récits de voyages de la Renaissance
330    $a Sous cette vedette, on trouve  les récits de voyages de la Renaissance de divers pays ou en diverses langues. Les récits de voyages propres à un pays ou à une langue se trouvent sous les vedettes de littérature correspondantes, par ex. : Récits de voyages français -- 16ème siècle 
480  0 $7 ba0yba0y $8 fre    $9     $a Hodoeporica
480  0 $7 ba0yba0y $8 fre    $9     $a Récits de voyages $z 16e siècle
480  0 $7 ba0yba0y $8 fre    $9     $a Récits de voyages $z Renaissance
480  0 $7 ba0yba0y $8 fre    $9     $a Récits de voyages européens $z 16e siècle
480  0 $7 ba0yba0y $8 fre    $9     $a Récits de voyages européens $z Renaissance
580  0 $5 g $3 11947466 $7 ba0yba0y $8 fre    $9     $a Littérature de la Renaissance
580  0 $5 g $3 11932731 $7 ba0yba0y $8 fre    $9     $a Récits de voyages
686    $a 800 $c Histoire et critique littéraires $2 Note de regroupement par domaine
686    $a 910 $c Géographie, tourisme (guides) et voyages $2 Note de regroupement par domaine
801    $a FR $b FR-751131015 $c 20150121
822 11 $2 LCSH $d 2015-01-21
999    $a FRBNF119854040 $b 11985404

