00808cx  a2200253   4500
001 344645
003 http://catalogue.bnf.fr/ark:/12148/cb15125357f
005 20240511024921.0
010    $a 0000000004646280 $2 ISNI $d 20161107
033    $a http://catalogue.bnf.fr/ark:/12148/cb15125357f
035    $a FRBNF151253572
100    $a 20070104afrey50      ba0
101    $a fre
102    $a FR
103    $a  19640924           
105    $a a $a p
106    $a 010
120    $a b
200    $7 ba0yba0y $8 fre    $9  0  $a Hayat $b Philippe $f 1964-....
300    $a Chef d'entreprise et professeur attaché à l'Essec (en 2006). - Romancier
801    $a FR $b FR-751131015 $c 20221227
810    $a L'entreprise, un acteur clé de la société / Serge et Philippe Hayat, DL 2006
999    $a FRBNF151253572 $b 15125357
152    $b NP

