01343cx  a2200325   4500
001 344750
003 http://catalogue.bnf.fr/ark:/12148/cb14398140j
005 20240511030631.0
010    $a 0000000119531651 $2 VIAF $d 20130801
033    $a http://catalogue.bnf.fr/ark:/12148/cb14398140j
035    $a FRBNF143981407
039    $o OPP $a 15463345 $d 20120810
100    $a 20081112afrey50      ba0
101    $a und
102    $a AR
103    $a  19190428  20130108 
105    $a a
106    $a 010
120    $a b
152    $c 2 $b NP
200    $7 ba0yba0y $8 fre    $9  0  $a Frasconi $b Antonio $f 1919-2013
300    $a Graveur. - Illustrateur de livres. - Pratiqua la gravure sur bois
301    $a Buenos Aires $b New York, N.Y.
400    $7 ba0yba0y $8 fre    $9     $a Frascanio $b Antonio $f 1919-2013
686    $a 760 $c Arts graphiques $2 Note de regroupement par domaine
801    $a FR $b FR-751131015 $c 20150827
810    $a Dallas III (assassinat du président Kennedy) [image fixe] : [estampe] / Antonio Frasconi, 1964
810    $a The books of Antonio Frasconi : a selection 1945-1995 / with an introduction by Robert D. Graff ; and an essay by Margaret K. McElderry, cop. 1996 $a Bénézit, 1999 $a LC Authorities - http://www.authorities.loc.gov (2015-08-27)
856    $u http://www.authorities.loc.gov $e 2015-08-27
999    $a FRBNF143981407 $b 14398140

