01013cx  a2200253   4500
001 344850
003 http://catalogue.bnf.fr/ark:/12148/cb17810572z
005 20240511032551.0
010    $a 0000000475935214 $2 ISNI $d 20190508
033    $a http://catalogue.bnf.fr/ark:/12148/cb17810572z
035    $a FRBNF178105726
100    $a 20190503afrey50      ba0
101    $a fre
102    $a FR
103    $a  19..               
105    $a a
106    $a 1  
120    $a a
200    $7 ba0yba0y $8 fre    $9  0  $a Sourisse $b Amandine
300 0  $a Docteur ès lettres. - Coordinatrice méthodologie du centre de préparation aux concours paramédicaux à l'Institut régional sport et santé (IRSS), Nantes
801    $a FR $b FR-751131015 $c 20190506
810    $a Concours aide-soignant, auxiliaire de puériculture [Texte imprimé] : 2019/2020 :  les thèmes sanitaires et sociaux / Amandine Sourisse,... Olivier Perche,.... - Issy-les-Moulineaux : Elsevier Masson, DL 2019.
999    $a FRBNF178105726 $b 17810572
152    $b NP

