00995cx  a2200301   4500
001 345056
003 http://catalogue.bnf.fr/ark:/12148/cb12589624s
005 20240511035720.0
010    $a 0000000387152834 $2 ISNI $d 20160215
033    $a http://catalogue.bnf.fr/ark:/12148/cb12589624s
035    $a FRBNF125896243
039    $o OPL $a 00046869X
100    $a 19800709afrey50      ba0
101    $a fre
102    $a BE
103    $a  1913      19990810 
105    $a a
106    $a 1  
120    $a b
152    $c 2 $b NP
200    $7 ba0yba0y $8 fre    $9  0  $a Bermar $b Luc $f 1913-1999
300 0  $a Scénariste
500    $5 z $0 Voir aussi $3 12664903 $7 ba0yba0y $8 fre    $9  0  $a Gillain $b Henri $f 1913-1999
500    $5 z $0 Voir aussi $3 16758790 $7 ba0yba0y $8 fre    $9  0  $a Darc $b Jean $f 1913-1999
801    $a FR $b FR-751131015 $c 20140424
810    $a http://fr.wikipedia.org/wiki/Henri_Gillain (2014-04-24)
856    $u http://fr.wikipedia.org/wiki/Henri_Gillain $e 2014-04-24
999    $a FRBNF125896243 $b 12589624

