01046cx  a2200289   4500
001 345172
003 http://catalogue.bnf.fr/ark:/12148/cb16144507r
005 20240511040852.0
010    $a 0000000071738396 $2 ISNI $d 20160216
033    $a http://catalogue.bnf.fr/ark:/12148/cb16144507r
035    $a FRBNF161445076
100    $a 20091012afrey50      ba0
101    $a fre $t eng
102    $a US
103    $a  19..               
105    $a a
106    $a 1  
120    $a a
152    $c 2 $b NP
200    $7 ba0yba0y $8 fre    $9  0  $a Murphy $b Laurence
300 0  $a Poète et traductrice
801    $a FR $b FR-751131015 $c 20130423
810    $a L'éclat de cristal / R. A. Salvatore ; traduit de l'anglais (États-Unis) par Laurence Murphy, impr. 2009
810    $a Gueule de mots - http://www.francopolis.net/rubriques/gueuledemotsMurphy.html (2013-04-23)
815    $a LC authorities : http://authorities.loc.gov (2013-04-23)
856    $u http://www.francopolis.net/rubriques/gueuledemotsMurphy.html $e 2013-04-23
999    $a FRBNF161445076 $b 16144507

