01203cx  a2200289   4500
001 345275
003 http://catalogue.bnf.fr/ark:/12148/cb119777378
005 20240511041920.0
033    $a http://catalogue.bnf.fr/ark:/12148/cb119777378
035    $a FRBNF119777373
039    $o OPL $a 002149929
100    $a 19880401afrey50      ba0
106    $a 221
152    $b SNC $c 2
159    $a rameau
250    $7 ba0yba0y $8 fre    $9     $a Adaptation
330    $a S'emploie uniquement en subdivision aux êtres vivants et parties du corps
550    $5 z $0 Voir aussi $3 11938478 $7 ba0yba0y $8 fre    $9     $a Adaptation $x biologie
550    $5 z $0 Voir aussi $3 11974644 $7 ba0yba0y $8 fre    $9     $a Adaptation $x physiologie
550    $5 z $0 Voir aussi $3 12406279 $7 ba0yba0y $8 fre    $9     $a Animaux $x Adaptation
550    $5 z $0 Voir aussi $3 12406277 $7 ba0yba0y $8 fre    $9     $a Plantes $x Adaptation
686    $a 570 $c Sciences de la vie $2 Note de regroupement par domaine
801    $a FR $b FR-751131015 $c 20120404
810    $a Grand dict. encyclopédique Larousse
822 12 $a Adaptation $2 RVMLaval $d 2012-04-04
822 12 $a Adaptation $2 LCSH $u http://id.loc.gov/authorities/subjects/sh99002116 $d 2017-02-09
999    $a FRBNF119777373 $b 11977737

