00975cx  a2200253   4500
001 345389
003 http://catalogue.bnf.fr/ark:/12148/cb179952171
005 20240509060122.0
010    $a 0000000503892697 $2 ISNI $d 20220209
033    $a http://catalogue.bnf.fr/ark:/12148/cb179952171
035    $a FRBNF179952172
100    $a 20220201afrey50      ba0
101    $a eng
102    $a US
103    $a  19..               
105    $a a
106    $a 1  
120    $a a
152    $c 2 $b NP
200    $7 ba0yba0y $8 fre    $9  0  $a Penner $b Sarah
300 0  $a Auteure. - Études en comptabilité
801    $a FR $b FR-751131015 $c 20230428
810    $a La petite boutique aux poisons / Sarah Penner ; traduit de l'anglais (États-Unis) par Laura Bourgeois. - La Crèche : Faubourg Marigny, DL 2021. - [Texte noté] $a La petite boutique aux poisons / Sarah Penner ; traduit de l'anglais (États-Unis) par Laura Bourgeois. - Paris : FL éditions, DL 2022
999    $a FRBNF179952172 $b 17995217

