00812cx  a2200253   4500
001 345505
003 http://catalogue.bnf.fr/ark:/12148/cb180332365
005 20240505040031.0
010    $a 0000000508201699 $2 ISNI $d 20220921
033    $a http://catalogue.bnf.fr/ark:/12148/cb180332365
035    $a FRBNF180332364
100    $a 20220912afrey50      ba0
101    $a fre
102    $a FR
103    $a  19921203           
105    $a a
106    $a 1  
120    $a a
200    $7 ba0yba0y $8 fre    $9  0  $a Messine $b Mona $f 1992-....
300 0  $a Auteure. - Fondatrice de la revue littéraire "Débuts". - Anime des ateliers d'écriture
801    $a FR $b FR-751131015 $c 20220912
810    $a Biche / Mona Messine. - Paris : Livres agités, DL 2022 . - [Texte noté]
999    $a FRBNF180332364 $b 18033236
152    $b NP

