00868cx  a2200253   4500
001 345617
003 http://catalogue.bnf.fr/ark:/12148/cb14584552t
005 20240514041129.0
010    $a 0000000002957587 $2 VIAF $d 20130802
033    $a http://catalogue.bnf.fr/ark:/12148/cb14584552t
035    $a FRBNF145845523
100    $a 20041125afrey50      ba0
101    $a fre
102    $a FR
103    $a  19..      ....     
105    $a a
106    $a 1  
120    $a b
200    $7 ba0yba0y $8 fre    $9  0  $a Mattatia $b Fabrice
300 0  $a Docteur en droit. - Polytechnicien (promotion 1990). - Ancien conseiller de la secrétaire d'état au numérique. - Ingénieur des télécommunications, ingénieur des mines
801    $a FR $b FR-751131015 $c 20171027
810    $a Dictionnaire d'argot de l'X / Fabrice Mattatia, 2004
999    $a FRBNF145845523 $b 14584552
152    $b NP

