01175cx  a2200289   4500
001 345737
003 http://catalogue.bnf.fr/ark:/12148/cb16739143j
005 20240512063429.0
010    $a 000000004507491X $2 ISNI $d 20150312
033    $a http://catalogue.bnf.fr/ark:/12148/cb16739143j
035    $a FRBNF167391436
100    $a 20140129afrey50      ba0
101    $a fre
102    $a FR
103    $a  19..               
105    $a a
106    $a 1  
120    $a b
200    $7 ba0yba0y $8 fre    $9  0  $a Van Liemt $b Romain
300 0  $a Scénariste
400    $7 ba0yba0y $8 fre    $9     $a Liemt $b Romain van
801    $a FR $b FR-751131015 $c 20140212
810    $a La planète du temps / scénario, Clotilde Bruneau ; dessin, Audrey Bussi ; d'après la série animée et un scénario original d'Alexandre de la Patellière, Matthieu Delaporte et Romain van Liemt, impr. 2013
810    $a Guilde des scénaristes - http://www.guildedesscenaristes.org/uploads/scenaristes/cvs/cv-Romain-VAN%20LIEMT.pdf (2014-02-12)
856    $u http://www.guildedesscenaristes.org/uploads/scenaristes/cvs/cv-Romain-VAN%20LIEMT.pdf $e 2014-02-12
999    $a FRBNF167391436 $b 16739143
152    $b NP

