00801nx  a2200241   4500
001 345875
003 http://catalogue.bnf.fr/ark:/12148/cb17094128m
005 20240518044803.0
010    $a 0000000459811422 $2 ISNI $d 20170202
033    $a http://catalogue.bnf.fr/ark:/12148/cb17094128m
035    $a FRBNF170941281
100    $a 20161216afrey50      ba0
101    $a fre $t eng
102    $a FR
103    $a  19..               
105    $a a
106    $a 1  
120    $a a
200    $7 ba0yba0y $8 fre    $9  0  $a Torchiana $b Françoise
801    $a FR $b FR-751131015 $c 20161216
810    $a La femme que j'ai voulu être [Texte imprimé] / Diane von Furstenberg ; traduit de l'anglais (États-Unis) par Françoise Torchiana. - [Paris] : Flammarion, DL 2016.
999    $a FRBNF170941281 $b 17094128
152    $b NP

