01006cx  a2200277   4500
001 345991
003 http://catalogue.bnf.fr/ark:/12148/cb17947226f
005 20240517060416.0
010    $a 0000000502662988 $2 ISNI $d 20210609
033    $a http://catalogue.bnf.fr/ark:/12148/cb17947226f
035    $a FRBNF179472262
100    $a 20210531afrey50      ba0
101    $a fre
102    $a FR
103    $a  1981               
105    $a a
106    $a 1  
120    $a a
200    $7 ba0yba0y $8 fre    $9  0  $a Bourset $b Carole $f 1981-....
300 0  $a Aquarelliste. - Ex-ingénieure
801    $a FR $b FR-751131015 $c 20230526
810    $a Stockholm : culture, food, lifestyle / [publié sous la direction de Carole Bourset]. - Paris : Trips and tips, impr. 2020. - [Texte noté. Image fixe]
810    $a Babelio - https://www.babelio.com/auteur/Carole-Bourset/596487 (2023-05-25)
856    $u https://www.babelio.com/auteur/Carole-Bourset/596487 $e 2023-05-25
999    $a FRBNF179472262 $b 17947226
152    $b NP

