01056cx  a2200301   4500
001 346133
003 http://catalogue.bnf.fr/ark:/12148/cb122312544
005 20240514041718.0
010    $a 000000002956533X $2 VIAF $d 20130725
033    $a http://catalogue.bnf.fr/ark:/12148/cb122312544
035    $a FRBNF122312548
039    $o OPL $a 007918349
100    $a 19911218afrey50      ba0
101    $a eng
102    $a GB
103    $a  19240830  20010404 
105    $a a
106    $a 010
120    $a a
152    $c 2 $b NP
200    $7 ba0yba0y $8 fre    $9  0  $a Gilroy $b Beryl $f 1924-2001
300    $a Romancière, écrit aussi des livres pour enfants. - Directrice d'école au Royaume-Uni
301    $a Berbice (Guyana) $b Londres (Royaume-Uni)
801    $a FR $b FR-751131015 $c 20240111
810    $a Frangipani house / Beryl Gilroy, 1986 $a Black teacher / Beryl Gilroy. - Paris : Belfond, DL 2023
810    $a Bibliothèque nationale, Grande-Bretagne - http://www.bl.uk (2008-09-16)
856    $u http://www.bl.uk $e 2008-09-16
999    $a FRBNF122312548 $b 12231254

