00834cx  a2200253   4500
001 346256
003 http://catalogue.bnf.fr/ark:/12148/cb17938289c
005 20240516054438.0
010    $a 0000000508425318 $2 ISNI $d 20240131
033    $a http://catalogue.bnf.fr/ark:/12148/cb17938289c
035    $a FRBNF179382893
100    $a 20210413afrey50      ba0
101    $a fre
102    $a FR
103    $a  19..               
105    $a a
106    $a 1  
120    $a a
200    $7 ba0yba0y $8 fre    $9  0  $a Koç $b Claire
300 0  $a Journaliste à France Télévisions (en 2023)
801    $a FR $b FR-751131015 $c 20240123
810    $a Claire, le prénom de la honte / Claire Koç. - Paris : Albin Michel, DL 2021. - [Texte noté] $a Le jour où je me suis convertie / Claire Koç, DL 2023
999    $a FRBNF179382893 $b 17938289
152    $b NP

