00824cx  a2200265   4500
001 346374
003 http://catalogue.bnf.fr/ark:/12148/cb14527721k
005 20240509060024.0
010    $a 0000000003229100 $2 ISNI $d 20150312
033    $a http://catalogue.bnf.fr/ark:/12148/cb14527721k
035    $a FRBNF14527721X
100    $a 20040226afrey50      ba0
101    $a fre
102    $a FR
103    $a  19..      ....     
105    $a a
106    $a 1  
120    $a b
200    $7 ba0yba0y $8 fre    $9  0  $a Simon $b Jean-Luc $f 19..-.... $c dessinateur
300 0  $a Dessinateur de bandes dessinées
801    $a FR $b FR-751131015 $c 20040408
810    $a La gagne / histoire, Étienne Davodeau ; mise en images, Jean-Luc Simon, 2000
815    $a Courrier, 2004-02, Éd. Charrette
999    $a FRBNF14527721X $b 14527721
152    $b NP

