00556nx  a22001933  4500
001 346486
003 http://catalogue.bnf.fr/ark:/12148/cb17688556r
005 20240514041059.0
033    $a http://catalogue.bnf.fr/ark:/12148/cb17688556r
035    $a FRBNF176885569
100    $a 20240205cfrey50      ba0
102    $a XX
105    $a a
106    $a 1  
152    $c 2 $b NP
200    $7 ba0yba0y $8 fre    $9     $a Cailloux $b Michaël $c Illustrateur
801    $a FR $b FR-751131015 $c 20240205
810    $a Bambi : la véritable histoire, 2023
999    $a FRBNF176885569 $b 17688556

