00520nx  a22001933  4500
001 346595
003 http://catalogue.bnf.fr/ark:/12148/cb17679597c
005 20240517060412.0
033    $a http://catalogue.bnf.fr/ark:/12148/cb17679597c
035    $a FRBNF176795972
100    $a 20240205cfrey50      ba0
102    $a XX
105    $a a
106    $a 1  
152    $c 2 $b NP
200    $7 ba0yba0y $8 fre    $9     $a Mazard $b Claire
801    $a FR $b FR-751131015 $c 20240205
810    $a Dys-moi papi, 2023
999    $a FRBNF176795972 $b 17679597

