00860cx  a2200241   4500
001 346715
003 http://catalogue.bnf.fr/ark:/12148/cb17851643q
005 20240514042338.0
010    $a 0000000479743009 $2 ISNI $d 20191127
033    $a http://catalogue.bnf.fr/ark:/12148/cb17851643q
035    $a FRBNF178516439
100    $a 20191122afrey50      ba0
102    $a XX
103    $a  19..               
105    $a a
106    $a 1  
120    $a a
152    $c 2 $b NP
200    $7 ba0yba0y $8 fre    $9  0  $a Dicataldo $b Carlotta
300 0  $a Illustratrice
801    $a FR $b FR-751131015 $c 20191125
810    $a Vous êtes de 1967 / scénario, Samuel Otrey ; d'après un script original de Denis Bloicat ; dessin, Carlotta Dicataldo ; couleurs, Maria Giovanna Le Rose. - Marcinelle (Belgique) ; [Paris] : Dupuis, DL 2019. - [Texte]
999    $a FRBNF178516439 $b 17851643

