00774cx  a2200241   4500
001 346839
003 http://catalogue.bnf.fr/ark:/12148/cb144113220
005 20240514042251.0
010    $a 0000000003389892 $2 VIAF $d 20130801
033    $a http://catalogue.bnf.fr/ark:/12148/cb144113220
035    $a FRBNF144113221
100    $a 20020618afrey50      ba0
102    $a FR
103    $a  19..      ....     
105    $a a
106    $a 1  
120    $a a
200    $7 ba0yba0y $8 fre    $9  0  $a Fraboulet $b Virginie
300 0  $a Illustratrice
801    $a FR $b FR-751131015 $c 20050923
810    $a Carole la luciole / Antoon Krings ; [textes de Mathilde Maraninchi et Antonin Poirée] ; [mis en images par Virginie Fraboulet], DL 2005
999    $a FRBNF144113221 $b 14411322
152    $b NP

