00941nx  a2200253   4500
001 346979
003 http://catalogue.bnf.fr/ark:/12148/cb181145407
005 20240513041832.0
033    $a http://catalogue.bnf.fr/ark:/12148/cb181145407
035    $a FRBNF181145403
100    $a 20231116afrey50      ba0
102    $a CL
103    $a  1983               
105    $a a
106    $a 1  
120    $a b
152    $c 2 $b NP
200    $7 ba0yba0y $8 fre    $9  0  $a Cáceres $b Alfredo $f 1983-....
300 0  $a Illustrateur
801    $a FR $b FR-751131015 $c 20231116
810    $a Les chroniques de Port-la-Rouille / Lora Senf ; illustré par Alfredo Cáceres ; traduit de l'anglais (États-Unis) par Leslie Damant-Jeandel, DL 2023. - [Texte noté]
810    $a LC Authorities : Cáceres, Alfredo (1983-....) - https://lccn.loc.gov/no2016045641 (2023-11-16)
856    $u https://lccn.loc.gov/no2016045641 $e 2023-11-16
999    $a FRBNF181145403 $b 18114540

