00977cx  a2200325   4500
001 347088
003 http://catalogue.bnf.fr/ark:/12148/cb127259791
005 20240504021536.0
033    $a http://catalogue.bnf.fr/ark:/12148/cb127259791
035    $a FRBNF127259793
039    $o OPL $a 004417219
039    $o OPP $a 10200745 $d 20190726
039    $o OPP $a 10804162 $d 20190726
039    $o OPP $a 14899961 $d 20190726
100    $a 19890203afrey50      ba0
101    $a fre
102    $a FR
103    $a  1874      19..     
105    $a a
106    $a 1  
120    $a b
200    $7 ba0yba0y $8 fre    $9  0  $a Holl $b J. C. $f 1874-19..
300 0  $a Homme de lettres
301    $a Villers-les-Ports (Côte-d'Or)
801    $a FR $b FR-751131015 $c 20190726
810    $a Les Deux idoles / J.-C. Holl, [1903] $a L'oeuvre de Raphaël Lewisohn / J.-C. Holl, DL 1906
810    $a Lorenz
810    $a BN Cat. gén. $a BN Cat. gén. suppl.
999    $a FRBNF127259793 $b 12725979
152    $b NP

