00822nx  a2200241   4500
001 347200
003 http://catalogue.bnf.fr/ark:/12148/cb18093777c
005 20240514042350.0
010    $a 0000000512431614 $2 ISNI $d 20230802
033    $a http://catalogue.bnf.fr/ark:/12148/cb18093777c
035    $a FRBNF180937776
100    $a 20230725afrey50      ba0
101    $a fre $t eng
102    $a FR
103    $a  19..               
105    $a a
106    $a 1  
120    $a a
200    $7 ba0yba0y $8 fre    $9  0  $a Leroy $b Lyse
801    $a FR $b FR-751131015 $c 20230725
810    $a Une année en Grèce antique : plongez dans la vie quotidienne des habitants de la Grèce antique / Philip Matyszak ; traduit de l'anglais par Lyse Leroy. - Paris : Pocket, DL 2023. - [Texte noté]
999    $a FRBNF180937776 $b 18093777
152    $b NP

