01075cx  a2200277   4500
001 347324
003 http://catalogue.bnf.fr/ark:/12148/cb13907081n
005 20240510054904.0
010    $a 0000000100266245 $2 ISNI $d 20150313
033    $a http://catalogue.bnf.fr/ark:/12148/cb13907081n
035    $a FRBNF139070811
100    $a 19890601afrey50      ba0
102    $a US
103    $a  1935      1952     
105    $a i
106    $a 1  
150    $a y $b v8  
152    $c 2 $b CO
210    $7 ba0yba0y $8 fre    $9 20  $a Tommy Dorsey and His Clambake Seven
300 0  $a Octuor de jazz composé des instruments suivants : trompette, trombone, clarinette, saxophone, piano, guitare, contrebasse, batterie. - Personnel très variable au cours du temps
410    $7 ba0yba0y $8 fre    $9     $a Tommy Dorsey & His Clambake Seven
410    $7 ba0yba0y $8 fre    $9     $a Tommy Dorsey and His Clambake 7
500    $5 z $0 Dirigé par :  $3 13893385 $7 ba0yba0y $8 fre    $9  0  $a Dorsey $b Tommy $f 1905-1956
801    $a FR $b FR-751131015 $c 20070919
810    $a Grove jazz
999    $a FRBNF139070811 $b 13907081

