00511nx  a22001933  4500
001 347424
003 http://catalogue.bnf.fr/ark:/12148/cb14252315f
005 20240510055550.0
033    $a http://catalogue.bnf.fr/ark:/12148/cb14252315f
035    $a FRBNF142523150
100    $a 20030310cfrey50      ba0
102    $a XX
105    $a i
106    $a 1  
150    $a y
152    $c 2 $b CO
210    $7 ba0yba0y $8 fre    $9 20  $a Hollywood jazz concert
801    $a FR $b FR-751131015 $c 20030310
999    $a FRBNF142523150 $b 14252315

