01208cx  a2200313   4500
001 347526
003 http://catalogue.bnf.fr/ark:/12148/cb14158892j
005 20240510055623.0
010    $a 0000000046018661 $2 ISNI $d 20150312
033    $a http://catalogue.bnf.fr/ark:/12148/cb14158892j
035    $a FRBNF141588921
039    $o OPP $a 13819870 $d 20100427
100    $a 20030310afrey50      ba0
102    $a BE
103    $a  19040531  19690601 
105    $a i
106    $a 1  
120    $a b
152    $c 2 $b NP
200    $7 ba0yba0y $8 fre    $9  0  $a Brenders $b Stan $f 1904-1969
300 0  $a Compositeur, pianiste et chef d'orchestre
301    $a Bruxelles $b Bruxelles
510    $5 xxxz $0 Dirige :  $3 14261113 $7 ba0yba0y $8 fre    $9 20  $a Stan Brenders et son grand orchestre
801    $a FR $b FR-751131015 $c 20140310
810    $a Flirt à Waïkiki [Enregistrement sonore] ; C'est la faute aux horoscopes / Stan Brenders ; Yvan Fade. Pathé PA1463
810    $a Tivoli band - http://www.tivoliband.com/stan_brenders__bio.67.html#stan brenders  bio (2011-09-16)
810    $a Grove
856    $u http://www.tivoliband.com/stan_brenders__bio.67.html#stan brenders  bio $e 2011-09-16
999    $a FRBNF141588921 $b 14158892

