00978cx  a2200277   4500
001 347724
003 http://catalogue.bnf.fr/ark:/12148/cb118945911
005 20240505020041.0
010    $a 0000000040308019 $2 VIAF $d 20131024
033    $a http://catalogue.bnf.fr/ark:/12148/cb118945911
035    $a FRBNF118945918
039    $o OPL $a 000549636
100    $a 19800611afrey50      ba0
101    $a fre
102    $a FR
103    $a  19510129           
105    $a a
106    $a 1  
200    $7 ba0yba0y $8 fre    $9  0  $a Burn $b Bernadette $f 1951-....
300 0  $a Professeur de lettres à la Sorbonne nouvelle (en 1990)
400    $5 j $7 ba0yba0y $8 fre    $9     $a Burn-Schmidt $b Bernadette
400    $5 j $7 ba0yba0y $8 fre    $9     $a Schmidt $b Bernadette Burn-
801    $a FR $b FR-751131015 $c 19920317
810    $a Alsace, clos et grands crus / Bernadette Burn, Gilles Schmidt, 1990 [Bernadette Burn-Schmidt sur la jaquette de l'ouvrage]
999    $a FRBNF118945918 $b 11894591
152    $b NP

