00691nx  a2200241   4500
001 347918
003 http://catalogue.bnf.fr/ark:/12148/cb16153385z
005 20240515020102.0
033    $a http://catalogue.bnf.fr/ark:/12148/cb16153385z
035    $a FRBNF161533850
100    $a 20091103afrey50      ba0
101    $a eng
102    $a US
103    $a  19..               
105    $a a
106    $a 1  
120    $a b
152    $c 2 $b NP
200    $7 ba0yba0y $8 fre    $9  0  $a Pollina $b Adam
300 0  $a Dessinateur de bandes dessinées
801    $a FR $b FR-751131015 $c 20091103
810    $a Angel / Roberto Aguirre-Sacasa ; [dessin de] Adam Pollina, DL 2009
999    $a FRBNF161533850 $b 16153385

