00772nx  a2200241   4500
001 348018
003 http://catalogue.bnf.fr/ark:/12148/cb181380914
005 20240519020043.0
010    $a 0000000514311915 $2 ISNI $d 20240403
033    $a http://catalogue.bnf.fr/ark:/12148/cb181380914
035    $a FRBNF181380910
100    $a 20240325afrey50      ba0
101    $a fre
102    $a FR
103    $a  19..               
105    $a a
106    $a 1  
120    $a a
200    $7 ba0yba0y $8 fre    $9  0  $a Elbée $b Valérie d'
801    $a FR $b FR-751131015 $c 20240325
810    $a De mes malheurs a surgi un trésor / Djamel Guesmi ; avec Valérie d'Elbée. - Paris ; Perpignan : Desclée de Brouwer, DL 2024. - [Texte noté]
999    $a FRBNF181380910 $b 18138091
152    $b NP

